% Encoding: UTF-8

@Article{church1990,
  author    = {Kenneth W. Church and Patrick Hanks},
  title     = {Word association norms, mutual information, and lexicography},
  number    = {1},
  pages     = {22--29},
  volume    = {16},
  ids       = {Church/Hanks:90},
  journal   = {Computational Linguistics},
  publisher = {MIT Press},
  year      = {1990},
}

@InProceedings{AedmaaEtAl:18,
  author    = {Aedmaa, Eleri and K\"oper, Maximilian and {Schulte im Walde}, Sabine},
  booktitle = {{Proceedings of the NAACL 2018 Student Research Workshop}},
  title     = {Combining Abstractness and Language-specific Theoretical Indicators for Detecting Non-Literal Usage of {E}stonian Particle Verbs},
  pages     = {9--16},
  address   = {New Orleans, LA, USA},
  year      = {2018},
}

@Article{DiependaeleEtAl:09,
  author  = {Kevin Diependaele and Dominiek Sandra and Jonathan Grainger},
  title   = {Semantic Transparency and Masked Morphological Priming: {T}he Case of Prefixed Words},
  number  = {6},
  pages   = {895--908},
  volume  = {37},
  journal = {Language and Cognitive Processes},
  year    = {2009},
}

@TechReport{Libben:1997,
  author      = {Gary Libben and Martha Gibson and Yeo Bom Yoon, and Dominiek Sandra},
  institution = {CLASNET Working Papers},
  title       = {Semantic Transparency and Compound Fracture},
  number      = {9},
  year        = {1997},
}

@InCollection{Benveniste:1974,
  author    = {Benveniste, {\'E}mile},
  booktitle = {Probl{\`e}mes de linguistique g{\'e}n{\'e}rale},
  title     = {Formes nouvelles de la composition nominale},
  editor    = {Benveniste, {\'E}mile},
  pages     = {163--176},
  publisher = {Gallimard},
  series    = {Biblioth{\`e}que des sciences humaines},
  volume    = {2},
  address   = {Paris},
  year      = {1974},
}

@Book{Cadiot:1997,
  author    = {Cadiot, Pierre},
  title     = {Les pr{\'e}positions abstraites en fran{\c{c}}ais},
  publisher = {{Armand Colin/ Masson}},
  series    = {Linguistique},
  address   = {Paris},
  year      = {1997},
}

@Book{carstairs2010evolution,
  author    = {Carstairs-McCarthy, Andrew},
  title     = {The evolution of morphology},
  publisher = {Oxford: Oxford University Press},
  year      = {2010},
}

@Article{Bott/SchulteImWalde:18,
  author  = {Stefan Bott and Sabine {Schulte im Walde}},
  title   = {German Particle Verbs: {C}ompositionality at the Syntax-Semantics Interface},
  number  = {1},
  pages   = {41--86},
  volume  = {6},
  journal = {Journal of Language Modelling},
  year    = {2018},
}

@Article{grover:lapata:lascarides:05,
  author  = {Grover, Claire and Lapata, Mirella and Lascarides, Alex},
  title   = {A comparison of parsing technologies for the biomedical domain},
  number  = {1},
  pages   = {27--65},
  volume  = {11},
  journal = {Journal of Natural Language Engineering},
  year    = {2005},
}

@Article{Kliche:11,
  author  = {Fritz Kliche},
  title   = {Semantic Variants of {G}erman Particle Verbs with \textit{``ab''}},
  pages   = {3--27},
  volume  = {97},
  ids     = {Kliche:11ALTER},
  journal = {Leuvense Bijdragen},
  year    = {2011},
}

@Article{ibarra2016flexibility,
  author  = {Ibarra, Alyssa and Tanenhaus, Michael K},
  title   = {The flexibility of conceptual pacts: {R}eferring expressions dynamically shift to accommodate new conceptualizations},
  pages   = {561},
  volume  = {7},
  journal = {Frontiers in Psychology},
  year    = {2016},
}

@Book{chafe1994discourse,
  author    = {Chafe, Wallace},
  title     = {Discourse, consciousness, and time: {The} flow and displacement of conscious experience in speaking and writing},
  publisher = {Chicago: University of Chicago Press},
  year      = {1994},
}

@Article{gagne2002lexical,
  author    = {Gagné, Christina L},
  title     = {Lexical and relational influences on the processing of novel compounds},
  number    = {1-3},
  pages     = {723--735},
  volume    = {81},
  ids       = {Gagne:02},
  journal   = {Brain and Language},
  publisher = {Elsevier},
  year      = {2002},
}

@Article{bates:2012,
  author  = {Douglas Bates and Martin M{\"a}chler and Ben Bolker and Steve Walker},
  title   = {Fitting Linear Mixed-Effects Models Using {lme4}},
  doi     = {10.18637/jss.v067.i01},
  number  = {1},
  pages   = {1--48},
  volume  = {67},
  journal = {Journal of Statistical Software},
  year    = {2015},
}

@InProceedings{NOMLEX:98,
  author    = {Catherine Macleod and Ralph Grishman and Adam Meyers and Leslie Barrett, and Ruth Reeves},
  booktitle = {Proceedings of {EURALEX}},
  title     = {{NOMLEX: A} Lexicon of Nominalizations},
  year      = {1998},
}

@Article{sedivy2003pragmatic,
  author    = {Sedivy, Julie C},
  title     = {Pragmatic versus form-based accounts of referential contrast: {E}vidence for effects of informativity expectations},
  number    = {1},
  pages     = {3--23},
  volume    = {32},
  journal   = {Journal of Psycholinguistic Research},
  publisher = {Springer},
  year      = {2003},
}

@InProceedings{vecchi2011,
  author       = {Vecchi, Eva Maria and Baroni, Marco and Zamparelli, Roberto},
  booktitle    = {{Proceedings of the Workshop on Distributional Semantics and Compositionality}},
  title        = {{(Linear) maps of the impossible: Capturing semantic anomalies in distributional space}},
  organization = {Association for Computational Linguistics},
  pages        = {1--9},
  year         = {2011},
}

@InCollection{RamscarEtAl2018,
  author    = {Ramscar, Michael and Dye, Melody and Blevins, James and Baayen, R. Harald},
  booktitle = {Handbook of Communication Disorders},
  title     = {Morphological development},
  editor    = {Bar On, Amalia and Ravit, Dorit},
  pages     = {181--202},
  publisher = {De Gruyter Mouton},
  address   = {Berlin},
  year      = {2018},
}

@InCollection{cacciari:1994,
  author    = {Cacciari, Cristina and Glucksberg, Sam},
  booktitle = {Handbook of {P}sycholinguistics},
  title     = {Understanding figurative language},
  editor    = {Morton Ann Gernsbacher},
  pages     = {447--477},
  publisher = {Academic Press},
  ids       = {Cacciarai/Glucksberg:94,Cacciari/Glucksberg:94},
  year      = {1994},
}

@InCollection{dowty:07,
  author    = {David Dowty},
  booktitle = {Direct Compositionality},
  title     = {Compositionality as an empirical problem},
  editor    = {Chris Barker and {Pauline I.} Jacobson},
  pages     = {14--23},
  publisher = {Oxford University Press},
  year      = {2007},
}

@InProceedings{alexiadou:grimshaw:08,
  author    = {Artemis Alexiadou and Jane Grimshaw},
  booktitle = {Working Papers of the {SFB} 732 Incremental Specification in Context},
  title     = {Verbs, Nouns, and Affixation},
  editor    = {Florian Sch\"afer},
  pages     = {1--16},
  publisher = {Universit\"at Stuttgart},
  volume    = {1},
  year      = {2008},
}

@Book{BaayenGulikers1995,
  author    = {Baayen, R. Harald and Piepenbrock, Richard and Gulikers, Léon},
  title     = {The {CELEX} lexical database},
  note      = {({CD}-{ROM})},
  publisher = {Linguistic Data Consortium, University of Pennsylvania},
  address   = {Philadelphia, PA},
  year      = {1995},
}

@Article{Lechler/Rossdeutscher:09,
  author  = {Lechler, Andrea and Antje Ro{\ss}deutscher},
  title   = {German Particle Verbs with \textit{"auf"}. {R}econstructing their Composition in a {DRT}-based Framework},
  pages   = {439--478},
  volume  = {220},
  journal = {Linguistische Berichte},
  year    = {2009},
}

@Book{BustosGisbert:1986,
  author    = {de {Bustos Gisbert}, Eugenio},
  title     = {La composici{\'o}n nominal en espa{\~n}ol},
  publisher = {{Universisad de Salamanca}},
  address   = {Salamanca},
  year      = {1986},
}

@InProceedings{Koeper/SchulteImWalde:17b,
  author    = {K\"{o}per, Maximilian and {Schulte im Walde}, Sabine},
  booktitle = {{Proceedings of the 13th Workshop on Multiword Expressions}},
  title     = {Complex Verbs are Different: {E}xploring the Visual Modality in Multi-Modal Models to Predict Compositionality},
  pages     = {200--206},
  address   = {Valencia, Spain},
  year      = {2017},
}

@Article{gagne2014subcategorisation,
  author    = {Gagn{\'e}, Christina L and Spalding, Thomas L},
  title     = {Subcategorisation, not uncertainty, drives the modification effect},
  number    = {10},
  pages     = {1283--1294},
  volume    = {29},
  journal   = {Language, Cognition and Neuroscience},
  publisher = {Taylor \& Francis},
  year      = {2014},
}

@InProceedings{Bott/SchulteImWalde:17,
  author    = {Bott, Stefan and Schulte im Walde, Sabine},
  booktitle = {{Proceedings of the 13th Workshop on Multiword Expressions}},
  title     = {Factoring Ambiguity out of the Prediction of Compositionality for {G}erman Multi-Word Expressions},
  pages     = {66--72},
  address   = {Valencia, Spain},
  year      = {2017},
}

@Article{alexiadou:iordachioaia:soare:10,
  author  = {Artemis Alexiadou and Gianina Iord\u{a}chioaia and Elena Soare},
  title   = {Number/Aspect Interactions in the Syntax of Nominalizations},
  pages   = {537--574},
  volume  = {46:3},
  journal = {Journal of Linguistics},
  year    = {2010},
}

@Article{bates:2005,
  author  = {Bates, Douglas},
  title   = {Fitting linear mixed models in {R}},
  number  = {1},
  pages   = {27--30},
  volume  = {5},
  journal = {R News},
  year    = {2005},
}

@InProceedings{Koeper/SchulteImWalde:17a,
  author    = {K\"{o}per, Maximilian and {Schulte im Walde}, Sabine},
  booktitle = {{Proceedings of the 15th Conference of the European Chapter of the Association for Computational Linguistics}},
  title     = {Applying Multi-Sense Embeddings for {G}erman Verbs to Determine Semantic Relatedness and to Detect Non-Literal Language},
  pages     = {535--542},
  address   = {Valencia, Spain},
  year      = {2017},
}

@Article{spalding2015property,
  author    = {Spalding, Thomas L and Gagn{\'e}, Christina L},
  title     = {Property attribution in combined concepts.},
  number    = {3},
  pages     = {693--707},
  volume    = {41},
  journal   = {Journal of Experimental Psychology: Learning, Memory, and Cognition},
  publisher = {American Psychological Association},
  year      = {2015},
}

@Article{louwerse2011,
  author    = {Louwerse, Max M},
  title     = {Symbol interdependency in symbolic and embodied cognition},
  number    = {2},
  pages     = {273--302},
  volume    = {3},
  journal   = {Topics in Cognitive Science},
  publisher = {Wiley Online Library},
  year      = {2011},
}

@Article{smolka2017can,
  author    = {Smolka, Eva and Libben, Gary},
  title     = {``{C}an you wash off the hogwash?'': {S}emantic Transparency of First and Second Constituents in the Processing of {G}erman Compounds},
  number    = {4},
  pages     = {514--531},
  volume    = {32},
  ids       = {smolka:2017,Smolka/Libben:17},
  journal   = {Language, Cognition and Neuroscience},
  publisher = {Taylor \& Francis},
  year      = {2017},
}

@Article{TaftForster1976,
  author  = {Marcus Taft and Kenneth I. Forster},
  title   = {Lexical storage and retrieval of polymorphemic and polysyllabic words},
  number  = {6},
  pages   = {607--620},
  volume  = {15},
  journal = {Journal of Verbal Learning and Verbal Behavior},
  year    = {1976},
}

@Article{TaftForster1975,
  author  = {Taft, Marcus and Forster, Kenneth},
  title   = {Lexical storage and retrieval of prefixed words},
  pages   = {638--647},
  volume  = {14},
  ids     = {taft1976,Taft/Forster:76},
  journal = {Journal of Verbal Learning and Verbal Behavior},
  year    = {1975},
}

@Article{libben2003,
  author  = {Libben, Gary and Gibson, Martha and Yoon, Yeo Bom and Sandra, Dominiek},
  title   = {Compound Fracture: {T}he Role of Semantic Transparency and Morphological Headedness},
  number  = {1},
  pages   = {50--64},
  volume  = {84},
  ids     = {LibbenEtAl:03},
  journal = {Brain and Language},
  year    = {2003},
}

@Article{LibbenJaremaEtAl2016,
  author  = {Gary Libben and Gonia Jarema and Bruce L. Derwing and Alessandra Riccardi and Danuta Perlak},
  title   = {Seeking the \textit{-ational} in derivational morphology},
  doi     = {10.1080/02687038.2016.1165179},
  number  = {11},
  pages   = {1304--1324},
  volume  = {30},
  journal = {Aphasiology},
  year    = {2016},
}

@Article{marelli2009,
  author  = {Marelli, Marco and Crepaldi, Davide and Luzzatti, Claudio},
  title   = {Head Position and the Mental Representation of Nominal Compounds: {A} Constituent Priming Study in {I}talian},
  number  = {3},
  pages   = {430--454},
  volume  = {4},
  ids     = {MarelliEtAl:09},
  journal = {The Mental Lexicon},
  year    = {2009},
}

@Book{markman1991categorization,
  author    = {Markman, Ellen M},
  title     = {Categorization and naming in children: {P}roblems of induction},
  publisher = {MIT Press},
  address   = {Cambridge, MA},
  year      = {1991},
}

@Article{RioTorto:2009,
  author  = {Rio-Torto, Gra{\c{c}}a and Ribeiro, S{\'i}lvia},
  title   = {Compounds in {P}ortuguese},
  number  = {2},
  pages   = {271--291},
  volume  = {8},
  journal = {Lingue e Linguaggio},
  year    = {2009},
}

@InProceedings{author:et:al:16,
  author    = {Iord\u{a}chioaia, Gianina and Lonneke {van der Plas} and Glorianna Jagfeld},
  booktitle = {Proceedings of the Workshop on Grammar and Lexicon: Interactions and Interfaces},
  title     = {The Grammar of {E}nglish Deverbal Compounds and their Meaning},
  editor    = {Eva Hajicova and Igor Boguslavsky},
  pages     = {81--91},
  address   = {Osaka, Japan},
  year      = {2016},
}

@Article{Anscombre:1990,
  author  = {Anscombre, Jean-Claude},
  title   = {Pourquoi un moulin {\`a} vent n'est pas un ventilateur},
  pages   = {103--125},
  volume  = {86},
  journal = {Langue fran{\c{c}}aise},
  year    = {1990},
}

@Article{bock1990framing,
  author  = {Bock, Kathryn and Helga Loebell},
  title   = {Framing Sentences},
  number  = {1},
  pages   = {1--39},
  volume  = {35},
  journal = {Cognition},
  year    = {1990},
}

@InProceedings{Aldinger:04,
  author    = {Nadine Aldinger},
  booktitle = {{Proceedings of the 4th International Conference on Language Resources and Evaluation}},
  title     = {Towards a Dynamic Lexicon: {P}redicting the Syntactic Argument Structure of Complex Verbs},
  pages     = {427--430},
  address   = {Lisbon, Portugal},
  year      = {2004},
}

@InProceedings{heinrich:10,
  author    = {Verena Henrich and Erhard Hinrichs},
  booktitle = {Proceedings of the 7th International Conference on Language Resources and Evaluation},
  title     = {{GernEdiT} - {T}he {GermaNet} Editing Tool},
  editor    = {Nicoletta Calzolari (Conference Chair) and Khalid Choukri and Bente Maegaard and Joseph Mariani and Jan Odijk and Stelios Piperidis and Mike Rosner and Daniel Tapias},
  address   = {Valletta, Malta},
  year      = {2010},
}

@Article{RioTorto:2012,
  author  = {Rio-Torto, Gra{\c{c}}a and Ribeiro, S{\'i}lvia},
  title   = {Portuguese compounds},
  number  = {1},
  pages   = {119--145},
  volume  = {24},
  journal = {Probus. International Journal of Latin and Romance Linguistics},
  year    = {2012},
}

@InProceedings{Haselbach:11,
  author    = {Boris Haselbach},
  booktitle = {{Proceedings of Generative Grammar in Geneva}},
  title     = {Deconstructing the Meaning of the {G}erman Temporal Verb Particle \textit{"nach"} at the Syntax-Semantics Interface},
  pages     = {71--92},
  address   = {Geneva, Switzerland},
  year      = {2011},
}

@Article{cleland2003use,
  author    = {Cleland, Alexandra A and Pickering, Martin J},
  title     = {The use of lexical and syntactic information in language production: {E}vidence from the priming of noun-phrase structure},
  number    = {2},
  pages     = {214--230},
  volume    = {49},
  journal   = {Journal of Memory and Language},
  publisher = {Elsevier},
  year      = {2003},
}

@Article{Taft/Forster:75,
  author  = {Marcus Taft and Kenneth I. Forster},
  title   = {Lexical Storage and Retrieval of Prefixed Words},
  pages   = {638--648},
  volume  = {14},
  journal = {Journal of Verbal Learning and Verbal Behavior},
  year    = {1975},
}

@Article{schmidtke2018conceptual,
  author    = {Schmidtke, Daniel and Gagn{\'e}, Christina L and Kuperman, Victor and Spalding, Thomas L and Tucker, Benjamin V},
  title     = {Conceptual relations compete during auditory and visual compound word recognition},
  number    = {7},
  pages     = {923--943},
  volume    = {33},
  journal   = {Language, Cognition and Neuroscience},
  publisher = {Taylor \& Francis},
  year      = {2018},
}

@InCollection{sbOHC,
  author    = {Scalise, Sergio and Bisetto, Antonietta},
  booktitle = {The {O}xford Handbook of Compounding},
  title     = {The classification of compound},
  chapter   = {3},
  editor    = {Lieber, Rochelle and Štekauer, Pavol},
  pages     = {34--53},
  publisher = {Oxford University Press},
  address   = {New York},
  owner     = {Sandro},
  timestamp = {2015.02.23},
  year      = {2009},
}

@Book{Jackendoff:83,
  author    = {Ray Jackendoff},
  title     = {Semantics and Cognition},
  publisher = {MIT Press},
  address   = {Cambridge, MA, USA},
  year      = {1983},
}

@Article{gagne2006using,
  author  = {Gagn{\'e}, Christina L and Spalding, Thomas L},
  title   = {Using conceptual combination research to better understand novel compound words},
  number  = {2},
  pages   = {9--16},
  volume  = {3},
  journal = {SKASE Journal of Theoretical Linguistics},
  year    = {2006},
}

@Article{ji2011,
  author  = {Hongbo Ji and Christina L. Gagné and Thomas L. Spalding},
  title   = {Benefits and costs of lexical decomposition and semantic integration during the processing of transparent and opaque {E}nglish compounds},
  number  = {4},
  pages   = {406--430},
  volume  = {65},
  ids     = {JiEtAl:11},
  journal = {Journal of Memory and Language},
  year    = {2011},
}

@Book{sakamoto:1986,
  author    = {Sakamoto, Yosiyuki and Ishiguro, Makio and Kitagawa, Genshiro},
  title     = {Akaike {I}nformation {C}riterion {S}tatistics},
  publisher = {D. Reidel},
  address   = {Dordrecht, The Netherlands},
  year      = {1986},
}

@Article{GibbsEtAl:89,
  author  = {Raymond W. {Gibbs Jr.} and Nandini P. Nayak and Cooper Cutting},
  title   = {How to Kick the Bucket and not Decompose: {A}nalyzability and Idiom Processing},
  pages   = {576--593},
  volume  = {28},
  journal = {Memory and Language},
  year    = {1992},
}

@Article{Boroditsky:01,
  author    = {Lera Boroditsky},
  title     = {Does Language shape Thought? {M}andarin and {E}nglish Speakers' Conceptions of Time},
  number    = {1},
  pages     = {1--22},
  volume    = {43},
  journal   = {Cognitive Psychology},
  publisher = {Elsevier},
  year      = {2001},
}

@Article{kuznetsova:2015,
  author  = {Kuznetsova, Alexandra and Brockhoff, Per Bruun and Christensen, Rune Haubo Bojesen},
  title   = {lmerTest package: {T}ests in {L}inear {M}ixed {E}ffects {M}odels},
  doi     = {10.18637/jss.v082.i13},
  number  = {13},
  volume  = {82},
  journal = {Journal of Statistical Software},
  year    = {2017},
}

@Article{lapata2002disambiguation,
  author    = {Lapata, Maria},
  title     = {The disambiguation of nominalizations},
  number    = {3},
  pages     = {357--388},
  volume    = {28},
  ids       = {lapata:02,Lapata:02},
  journal   = {Computational Linguistics},
  publisher = {MIT Press},
  year      = {2002},
}

@Book{Goldberg:1995,
  author    = {Adele E. Goldberg},
  title     = {Constructions: {A} construction grammar approach to argument structure},
  publisher = {The University of Chicago Press},
  address   = {Chicago\slash London},
  ids       = {Goldberg:95},
  year      = {1995},
}

@InCollection{Booij:2010,
  author    = {Booij, Geert},
  booktitle = {Cross-disciplinary issues in compounding},
  title     = {Compound construction: Schemas or analogy? A construction morphology perspective},
  editor    = {Scalise, Sergio and Vogel, Irene},
  pages     = {93--109},
  series    = {Current Issues in Linguistic Theory},
  volume    = {311},
  year      = {2010},
}

@Article{marelli:baroni:15,
  author  = {Marco Marelli and Marco Baroni},
  title   = {Affixation in Semantic Space: {M}odeling Morpheme Meanings with Compositional Distributional Semantics},
  number  = {3},
  pages   = {485--515},
  volume  = {122},
  journal = {Psychological Review},
  year    = {2015},
}

@Book{Stiebels:96,
  author    = {Barbara Stiebels},
  title     = {Lexikalische {A}rgumente und {A}djunkte. {Z}um semantischen {B}eitrag von verbalen {P}r\"afixen und {P}artikeln},
  publisher = {Akademie Verlag},
  address   = {Berlin},
  year      = {1996},
}

@Article{MarslenWilsonEtAl:08,
  author  = {William D. Marslen-Wilson and Mirjana Bozic and Billi Randall},
  title   = {Early Decomposition in Visual Word Recognition: {D}issociating Morphology, Form, and Meaning},
  number  = {3},
  pages   = {394--421},
  volume  = {23},
  journal = {Language and Cognitive Processes},
  year    = {2008},
}

@Article{Cutting/Bock:97,
  author  = {J. Cooper Cutting and Kathryn Bock},
  title   = {That's the Way the Cookie Bounces: {S}yntactic and Semantic Components of Experimentally Elicited Idiom Blends},
  number  = {1},
  pages   = {57--71},
  volume  = {25},
  ids     = {cutting:1997},
  journal = {Memory and Cognition},
  year    = {1997},
}

@Article{marelli2017,
  author    = {Marelli, Marco and Gagn{\'e}, Christina L and Spalding, Thomas L},
  title     = {Compounding as Abstract Operation in Semantic Space: {I}nvestigating relational effects through a large-scale, data-driven computational model},
  pages     = {207--224},
  volume    = {166},
  journal   = {Cognition},
  publisher = {Elsevier},
  year      = {2017},
}

@InProceedings{baronipredict,
  author    = {Baroni, Marco and Dinu, Georgiana and Kruszewski, Germ{\'a}n},
  booktitle = {{Proceedings of the 52nd Annual Meeting of the Association for Computational Linguistics}},
  title     = {{Don't count, predict! A systematic comparison of context-counting vs context-predicting semantic vectors}},
  pages     = {238--247},
  volume    = {1},
  year      = {2014},
}

@Article{hamblin:1999,
  author    = {Hamblin, Jennifer L. and Gibbs Jr, Raymond W.},
  title     = {Why you can't kick the bucket as you slowly die: {V}erbs in idiom comprehension},
  number    = {1},
  pages     = {25--39},
  volume    = {28},
  journal   = {Journal of Psycholinguistic Research},
  publisher = {Springer},
  year      = {1999},
}

@Article{IselEtAl:03,
  author  = {Frédéric Isel and Thomas C. Gunter and Angela D. Friederici},
  title   = {Prosody-assisted Head-driven Access to Spoken {G}erman Compounds},
  number  = {2},
  volume  = {29},
  journal = {Journal of Experimental Psychology: Learning, Memory, and Cognition},
  year    = {2003},
}

@Article{marelli2015,
  author    = {Marelli, Marco and Baroni, Marco},
  title     = {{Affixation in semantic space: Modeling morpheme meanings with compositional distributional semantics}},
  number    = {3},
  pages     = {485},
  volume    = {122},
  journal   = {Psychological Review},
  publisher = {US: American Psychological Association},
  year      = {2015},
}

@Article{marelli2014,
  author    = {Marelli, Marco and Dinu, Georgiana and Zamparelli, Roberto and Baroni, Marco},
  title     = {{Picking buttercups and eating butter cups: Spelling alternations, semantic relatedness, and their consequences for compound processing}},
  pages     = {1--19},
  journal   = {Applied Psycholinguistics},
  publisher = {Cambridge Univ Press},
  year      = {2014},
}

@InProceedings{SchulteImWalde:05,
  author    = {Sabine {Schulte im Walde}},
  booktitle = {Proceedings of the International Conference on Recent Advances in Natural Language Processing},
  title     = {Exploring Features to Identify Semantic Nearest Neighbours: {A} Case Study on {G}erman Particle Verbs},
  pages     = {608--614},
  address   = {Borovets, Bulgaria},
  year      = {2005},
}

@Article{marelli2012,
  author  = {Marelli, Marco and Luzzatti, Claudio},
  title   = {Frequency Effects in the Processing of {I}talian Nominal Compounds: {M}odulation of Headedness and Semantic Transparency},
  number  = {4},
  pages   = {644--664},
  volume  = {66},
  ids     = {Marelli/Luzzatti:12},
  journal = {Journal of Memory and Language},
  year    = {2012},
}

@InCollection{Booij:2015,
  author    = {Booij, Geert},
  booktitle = {Word Formation},
  title     = {Word-formation in construction grammar},
  editor    = {M{\"u}ller, O. Peter and Ohnheiser, Ingeborg and Olsen, Susan and Rainer, Franz},
  pages     = {188--202},
  publisher = {{Mouton de Gruyter}},
  volume    = {1},
  address   = {Berlin and Boston},
  year      = {2015},
}

@InProceedings{NicholsonBaldwin:06,
  author    = {Nicholson, Jeremy and Baldwin, Timothy},
  booktitle = {Proceedings of the Workshop on Multiword Expressions: {I}dentifying and Exploiting Underlying Properties},
  title     = {Interpretation of Compound Nominalisations using Corpus and Web Statistics},
  location  = {Montreal, Canada},
  pages     = {54--61},
  address   = {Sydney, Australia},
  year      = {2006},
}

@TechReport{OSeaghdha:2008,
  author      = {{\'O} S{\'e}aghdha, Diarmuid},
  institution = {University of Cambridge, Computer Laboratory},
  title       = {Learning Compound Noun Semantics},
  number      = {UCAM-CL-TR-735},
  year        = {2008},
}

@InCollection{gibbs:1994,
  author    = {Gibbs Jr, Raymond W.},
  booktitle = {Handbook of {P}sycholinguistics},
  title     = {Figurative Thought and Figurative Language},
  editor    = {Gernsbacher, M.},
  pages     = {411-446},
  publisher = {Academic Press},
  address   = {San Diego, CA},
  year      = {1994},
}

@Article{fiorentino2009,
  author  = {Fiorentino, Robert and Fund-Reznicek, Ella},
  title   = {Masked morphological priming of compound constituents},
  number  = {2},
  pages   = {159--193},
  volume  = {4},
  ids     = {Fiorentino/FundReznicek:09},
  journal = {The Mental Lexicon},
  year    = {2009},
}

@Article{MorrisHolcomb2007,
  author  = {Morris, Joanna and Frank, Tiffany and Grainger, Jonathan and Holcomb, Phillip J.},
  title   = {Semantic transparency and masked morphological priming: {A}n {ERP} investigation},
  pages   = {506--521},
  volume  = {44},
  journal = {Psychophysiology},
  year    = {2007},
}

@Article{Side:90,
  author  = {Richard Side},
  title   = {Phrasal Verbs: {S}orting them out},
  number  = {2},
  pages   = {144--152},
  volume  = {44},
  journal = {ELT Journal},
  year    = {1990},
}

@Article{arts2011,
  author    = {Arts, Anja and Alfons Maes and Leo G M Noordman and Carel Jansen},
  title     = {Overspecification in written instruction},
  number    = {3},
  pages     = {555--574},
  volume    = {49},
  booktitle = {Linguistics},
  year      = {2011},
}

@InProceedings{partee:84,
  author    = {Barbara H. Partee},
  booktitle = {Varieties of Formal Semantics: {P}roceedings of the 4th {A}msterdam Colloquium},
  title     = {Compositionality},
  editor    = {Fred Landman and Frank Veltman},
  location  = {Dordrecht},
  pages     = {281--311},
  publisher = {Foris Publications},
  year      = {1984},
}

@Book{DiSciullo:1987,
  author    = {{Di Sciullo}, Anne-Marie and Williams, Edwin},
  title     = {On the definition of word},
  number    = {14},
  publisher = {Springer},
  series    = {Linguistic Inquiry Monographs},
  address   = {Cambridge, MA},
  ids       = {disciullowilliams},
  year      = {1987},
}

@Article{connine:1992,
  author    = {Connine, Cynthia M. and Blasko, Dawn and Brandt, Russell and Kaplan, Jody},
  title     = {Idiomatic processing: {S}yntactic frozenness and {S}ubjective familiarity},
  number    = {3},
  pages     = {225--232},
  volume    = {54},
  journal   = {Psychological Research},
  publisher = {Springer},
  year      = {1992},
}

@Article{DiependaeleEtAl:05,
  author  = {Kevin Diependaele and Dominiek Sandra and Jonathan Grainger},
  title   = {Masked Cross-Modal Morphological Priming: {U}nravelling Morpho-Orthographic and Morpho-Semantic Influences in Early Word Recognition},
  number  = {1--2},
  pages   = {75--114},
  volume  = {20},
  journal = {Language and Cognitive Processes},
  year    = {2005},
}

@InProceedings{Koeper/SchulteImWalde:18,
  author    = {K\"oper, Maximilian and {Schulte im Walde}, Sabine},
  booktitle = {{Proceedings of the 16th Annual Conference of the North American Chapter of the Association for Computational Linguistics: Human Language Technologies}},
  title     = {Analogies in Complex Verb Meaning Shifts: {T}he Effect of Affect in Semantic Similarity Models},
  pages     = {150--156},
  address   = {New Orleans, LA, USA},
  year      = {2018},
}

@InProceedings{o2007annotating,
  author       = {{\'O} S{\'e}aghdha, Diarmuid},
  booktitle    = {{Proceedings of the 45th Annual Meeting of the ACL: Student Research Workshop}},
  title        = {Annotating and learning compound noun semantics},
  organization = {Association for Computational Linguistics},
  pages        = {73--78},
  year         = {2007},
}

@Article{Juhaszetal:2015,
  author  = {{Barbara J.} Juhasz and Yun-Hsuan Lai and {Michelle L.} Woodcock},
  title   = {A database of 629 {E}nglish compound words: {R}atings of familiarity, lexeme meaning dominance, semantic transparency, age of acquisition, imageability, and sensory experience},
  pages   = {1004--1019},
  volume  = {47},
  ids     = {JuhaszEtAl:15},
  journal = {Behavior Research Methods},
  year    = {2015},
}

@InCollection{grice1975logic,
  author    = {Grice, H Paul},
  booktitle = {Syntax and {S}emantics 3: {S}peech {A}cts},
  title     = {Logic and conversation},
  editor    = {Peter Cole and Jerry L Morgan},
  pages     = {41--58},
  publisher = {New York: Academic Press},
  volume    = {3},
  address   = {New York},
  ids       = {grice:1975},
  year      = {1975},
}

@Article{gunther2016,
  author  = {Günther, Fritz and Marelli, Marco},
  title   = {Understanding Karma Police: {T}he Perceived Plausibility of Noun Compounds as Predicted by Distributional Models of Semantic Representation},
  number  = {10},
  pages   = {e0163200},
  volume  = {11},
  ids     = {Guenther/Marelli:16},
  journal = {PLoS ONE},
  year    = {2016},
}

@Article{lynott2009,
  author    = {Lynott, Dermot and Connell, Louise},
  title     = {Embodied conceptual combination},
  pages     = {212},
  volume    = {1},
  journal   = {Frontiers in Psychology},
  publisher = {Frontiers},
  year      = {2010},
}

@Article{Viberg:83,
  author  = {Ake Viberg},
  title   = {The Verbs of Perception: {A} Typological Study},
  number  = {1},
  pages   = {123--162},
  volume  = {21},
  journal = {Linguistics},
  year    = {1983},
}

@InProceedings{grimm:mcnally:13,
  author    = {Scott Grimm and Louise McNally},
  booktitle = {Proceedings of the 19th {Amsterdam} Colloquium},
  title     = {No ordered arguments needed for nouns},
  editor    = {Maria Aloni and Michael Franke and Floris Roelofsen},
  pages     = {123--130},
  publisher = {Institute for Logic, Language and Computation, University of Amsterdam},
  year      = {2013},
}

@Article{wisniewskilove,
  author  = {Edward J. Wisniewski and Bradley C. Love},
  title   = {Relations versus properties in conceptual combination},
  number  = {2},
  pages   = {177--202},
  volume  = {38},
  ids     = {Wisniewski/Love:98},
  journal = {Journal of Memory and Language},
  year    = {1998},
}

@InCollection{gagne2014conceptual,
  author    = {Gagn{\'e}, Christina L and Spalding, Thomas L},
  booktitle = {Psychology of {L}earning and {M}otivation},
  title     = {Conceptual composition: {T}he role of relational competition in the comprehension of modifier-noun phrases and noun--noun compounds},
  editor    = {Brian Ross},
  pages     = {97--130},
  publisher = {New York: Elsevier},
  volume    = {59},
  year      = {2014},
}

@Article{titone:1999,
  author  = {Titone, Debra A and Connine, Cynthia M.},
  title   = {On the compositional and noncompositional nature of idiomatic expressions},
  number  = {12},
  pages   = {1655--1674},
  volume  = {31},
  ids     = {Titone/Connine:99},
  journal = {Journal of Pragmatics},
  year    = {1999},
}

@Book{BuenafuentesdelaMata:2010,
  author    = {{Buenafuentes de la Mata}, Cristina},
  title     = {La composici{\'o}n sintagm{\'a}tica en espa{\~n}ol},
  publisher = {Cilengua},
  series    = {Instituto histororia de la lengua. Monograf{\'i}as},
  volume    = {7},
  address   = {Espa{\~n}a},
  year      = {2010},
}

@InCollection{grice:1978,
  author    = {Grice, H. Paul},
  booktitle = {Syntax and Semantics: Pragmatics},
  title     = {Further notes on logic and conversation},
  editor    = {Cole, P.},
  pages     = {113--128},
  publisher = {New York: Academic},
  volume    = {9},
  year      = {1978},
}

@Article{geeraert:2017,
  author    = {Geeraert, Kristina and Newman, John and Baayen, R. Harald},
  title     = {Idiom variation: {E}xperimental data and a blueprint of a computational model},
  number    = {3},
  pages     = {1--17},
  volume    = {9},
  journal   = {Topics in Cognitive Science},
  publisher = {Wiley Online Library},
  year      = {2017},
}

@InProceedings{kuperman2009,
  author    = {Kuperman, Victor},
  booktitle = {{6th International Morphological Processing Conference}},
  title     = {Revisiting semantic transparency in {E}nglish compound words},
  address   = {Turku, Finland},
  owner     = {Sandro},
  timestamp = {2015.04.04},
  year      = {2009},
}

@InProceedings{im2013exploring,
  author    = {Schulte im Walde, Sabine and M{\"u}ller, Stefan and Roller, Stefan},
  booktitle = {{2nd Joint Conference on Lexical and Computational Semantics, Volume 1: Proceedings of the Main Conference and the Shared Task: Semantic Textual Similarity}},
  title     = {Exploring vector space models to predict the compositionality of {G}erman noun-noun compounds},
  pages     = {255--265},
  volume    = {1},
  address   = {Atlanta, GA, USA},
  ids       = {SchulteImWaldeEtAl:13},
  year      = {2013},
}

@Book{Lopez:1970,
  author    = {L{\'o}pez, Maria Luisa},
  title     = {Problemas y m{\'e}todos en el an{\'a}lisis de preposiciones},
  publisher = {Gredos},
  address   = {Madrid},
  year      = {1970},
}

@Article{turney2010,
  author  = {Peter D. Turney and Patrick Pantel},
  title   = {From frequency to meaning: {V}ector space models of semantics},
  number  = {1},
  pages   = {141--188},
  volume  = {37},
  ids     = {Turney/Pantel:10},
  journal = {Journal of Artificial Intelligence Research},
  year    = {2010},
}

@Article{swinney:1979,
  author  = {David A. Swinney and Anne Cutler},
  title   = {The access and processing of idiomatic expressions},
  number  = {5},
  pages   = {523--534},
  volume  = {18},
  ids     = {Swinney/Cutler:79},
  journal = {Journal of Verbal Learning and Verbal Behavior},
  year    = {1979},
}

@Article{jonsson2012modifier,
  author    = {J{\"o}nsson, Martin L and Hampton, James A},
  title     = {The modifier effect in within-category induction: {D}efault inheritance in complex noun phrases},
  number    = {1},
  pages     = {90--116},
  volume    = {27},
  journal   = {Language and Cognitive Processes},
  publisher = {Taylor \& Francis},
  year      = {2012},
}

@InProceedings{cordeiro2016predicting,
  author    = {Cordeiro, Silvio and Ramisch, Carlos and Idiart, Marco and Villavicencio, Aline},
  booktitle = {{Proceedings of the 54th Annual Meeting of the Association for Computational Linguistics (Volume 1: Long Papers)}},
  title     = {Predicting the compositionality of nominal compounds: {G}iving word embeddings a hard time},
  pages     = {1986--1997},
  volume    = {1},
  year      = {2016},
}

@InProceedings{lynott2001,
  author    = {Lynott, Dermot and Ramscar, Michael},
  booktitle = {Proceedings of the 12th {Irish} Conference on Artificial Intelligence and Cognitive Science},
  title     = {Can we model conceptual combination using distributional information?},
  pages     = {1--10},
  year      = {2001},
}

@InProceedings{lazaridoufish,
  author    = {Lazaridou, Angeliki and Vecchi, Eva Maria and Baroni, Marco},
  booktitle = {{Proceedings of the 2013 Conference on Empirical Methods in Natural Language Processing}},
  title     = {Fish transporters and miracle homes: {H}ow compositional distributional semantics can help {NP} parsing},
  year      = {2013},
}

@Book{mira1990accessing,
  author    = {Ariel, Mira},
  title     = {Accessing noun-phrase antecedents},
  publisher = {New York: Routledge},
  year      = {1990},
}

@Article{gundel1993cognitive,
  author    = {Gundel, Jeanette K and Hedberg, Nancy and Zacharski, Ron},
  title     = {Cognitive status and the form of referring expressions in discourse},
  number    = {2},
  pages     = {274--307},
  volume    = {69},
  journal   = {Language},
  publisher = {JSTOR},
  year      = {1993},
}

@Article{wisniewski1996,
  author  = {Edward J. Wisniewski},
  title   = {Construal and similarity in conceptual combination},
  number  = {3},
  pages   = {434--453},
  volume  = {35},
  ids     = {Wisniewski:96},
  journal = {Journal of Memory and Language},
  year    = {1996},
}

@Article{maes2004reference,
  author    = {Maes, Alfons and Arts, Anja and Noordman, Leo},
  title     = {Reference management in instructive discourse},
  number    = {2},
  pages     = {117--144},
  volume    = {37},
  journal   = {Discourse Processes},
  publisher = {Taylor \& Francis},
  year      = {2004},
}

@Article{Gagne/Spalding:14,
  author  = {Christina L. Gagné and Thomas L. Spalding},
  title   = {Conceptual Composition: {T}he Role of Relational Competition in the Comprehension of Modifier-Noun Phrases and Noun-Noun Compounds},
  pages   = {97--130},
  volume  = {59},
  journal = {The Psychology of Learning and Motivation},
  year    = {2014},
}

@TechReport{Santorini:93,
  author      = {Santorini, Beatrice},
  institution = {Department of Linguistics, University of Pennsylvania},
  title       = {{Part-Of-Speech} Tagging Guidelines for the {Penn Treebank} Project (3rd revision, 2nd printing)},
  address     = {Philadelphia, PA, USA},
  ids         = {Santorini:90},
  timestamp   = {2008-05-16T13:24:54.000+0200},
  year        = {1990},
}

@Article{Sandra:94,
  author  = {Dominiek Sandra},
  title   = {The Morphology of the Mental Lexicon: {I}nternal Word Structure viewed from a Psycholinguistic Perspective},
  number  = {3},
  pages   = {227--269},
  volume  = {9},
  journal = {Language and Cognitive Processes},
  year    = {1994},
}

@Unpublished{Kratzer:03,
  author = {Angelika Kratzer},
  title  = {The Event Argument and the Semantics of Verbs},
  note   = {Manuscript, University of Massachusetts at Amherst},
  year   = {2003},
}

@Article{costello2000,
  author  = {Fintan J. Costello and Mark T. Keane},
  title   = {{Efficient creativity: Constraint-guided conceptual combination}},
  number  = {2},
  pages   = {299--349},
  volume  = {24},
  ids     = {Costello/Keane:00},
  journal = {Cognitive Science},
  year    = {2000},
}

@Article{SprengerEtAl:06,
  author  = {Simone A. Sprenger and Willem J.M. Levelt and Gerard Kempen},
  title   = {Lexical access during the production of idiomatic phrases},
  number  = {2},
  pages   = {161--184},
  volume  = {54},
  ids     = {sprenger:2006},
  journal = {Journal of Memory and Language},
  year    = {2006},
}

@InProceedings{zanzotto2010,
  author       = {Zanzotto, Fabio Massimo and Korkontzelos, Ioannis and Fallucchi, Francesca and Manandhar, Suresh},
  booktitle    = {{Proceedings of the 23rd International Conference on Computational Linguistics}},
  title        = {Estimating linear models for compositional distributional semantics},
  organization = {{Association for Computational Linguistics}},
  pages        = {1263--1271},
  year         = {2010},
}

@Article{MorrisGrainger2008,
  author  = {Joanna Morris and Jonathan Grainger and Phillip J. Holcomb},
  title   = {An electrophysiological investigation of early effects of masked morphological priming},
  doi     = {10.1080/01690960802299386},
  number  = {7--8},
  pages   = {1021--1056},
  volume  = {23},
  journal = {Language and Cognitive Processes},
  year    = {2008},
}

@Article{wisniewskigentner,
  author    = {Wisniewski, Edward J and Gentner, Dedre},
  title     = {On the combinatorial semantics of noun pairs: {M}inor and major adjustments to meaning},
  pages     = {241--284},
  volume    = {77},
  journal   = {{Advances in Psychology}},
  publisher = {Elsevier},
  year      = {1991},
}

@Article{brewer1981role,
  author    = {Brewer, William F and Treyens, James C},
  title     = {Role of schemata in memory for places},
  number    = {2},
  pages     = {207--230},
  volume    = {13},
  journal   = {Cognitive Psychology},
  publisher = {Elsevier},
  year      = {1981},
}

@Book{bally1950,
  author    = {Bally, Charles},
  title     = {Linguistique g{\'e}n{\'e}rale et linguistique fran{\c{c}}aise. 3me {\'e}d. conforme {\`a} la 2me},
  publisher = {A. Francke},
  address   = {Berne},
  ids       = {bally44},
  year      = {1950},
}

@Article{melinger2005lexically,
  author    = {Melinger, Alissa and Dobel, Christian},
  title     = {Lexically-driven syntactic priming},
  number    = {1},
  pages     = {B11--B20},
  volume    = {98},
  journal   = {Cognition},
  publisher = {Elsevier},
  year      = {2005},
}

@InProceedings{SchulteImWalde:04a,
  author    = {Sabine {Schulte im Walde}},
  booktitle = {{Proceedings of the COLING Workshop on Enhancing and Using Electronic Dictionaries}},
  title     = {Identification, Quantitative Description, and Preliminary Distributional Analysis of {G}erman Particle Verbs},
  pages     = {85--88},
  address   = {Geneva, Switzerland},
  year      = {2004},
}

@Article{JärvikiviPyykkönen2011,
  author  = {Järvikivi, Juhani and Pyykkönen, Pirita},
  title   = {Sub- and supralexical information in early phases of lexical access},
  doi     = {10.3389/fpsyg.2011.00282},
  issue   = {Article 282},
  volume  = {2},
  journal = {Frontiers in Psychology},
  year    = {2011},
}

@InCollection{Dirven:93,
  author    = {René Dirven},
  booktitle = {The Semantics of Prepositions: {F}rom Mental Processing to Natural Language Processing},
  title     = {Dividing up Physical and Mental Space into Conceptual Categories by Means of {E}nglish Prepositions},
  editor    = {Cornelia Zielinski-Wibbelt},
  pages     = {73--98},
  publisher = {Mouton de Gruyter},
  volume    = {3},
  address   = {Berlin},
  year      = {1993},
}

@InProceedings{salehi2014using,
  author    = {Salehi, Bahar and Cook, Paul and Baldwin, Timothy},
  booktitle = {{Proceedings of the 14th Conference of the European Chapter of the Association for Computational Linguistics}},
  title     = {Using distributional similarity of multi-way translations to predict multiword expression compositionality},
  pages     = {472--481},
  address   = {Gothenburg, Sweden},
  ids       = {SalehiEtAl:14b},
  year      = {2014},
}

@Book{Booij2005,
  author    = {Booij, Geert},
  title     = {The Grammar of Words: {A}n Introduction to Linguistic Morphology},
  isbn      = {9780199280421},
  publisher = {Oxford University Press},
  series    = {Oxford linguistics},
  address   = {Oxford},
  lccn      = {lc2004023696},
  owner     = {Sandro},
  timestamp = {2015.02.26},
  year      = {2005},
}

@InProceedings{SalehiEtAl:14,
  author    = {Bahar Salehi and Paul Cook and Timothy Baldwin},
  booktitle = {{Proceedings of the Conference on Empirical Methods in Natural Language Processing}},
  title     = {Detecting Non-compositional {MWE} Components using Wiktionary},
  pages     = {1792--1797},
  address   = {Doha, Qatar},
  year      = {2014},
}

@InCollection{dressler2006,
  author    = {Dressler, Wolfgang U},
  booktitle = {The Representation and Processing of Compound Words},
  title     = {Compound types},
  editor    = {Libben, Gary and Jarema, Gonia},
  pages     = {23--44},
  publisher = {Oxford University Press Oxford},
  address   = {Oxford},
  year      = {2006},
}

@Article{downing1977creation,
  author    = {Downing, Pamela},
  title     = {On the creation and use of {English} compound nouns},
  pages     = {810--842},
  volume    = {53},
  journal   = {Language},
  publisher = {JSTOR},
  year      = {1977},
}

@Article{LachmairEtAl:16,
  author  = {Martin Lachmair and Carolin Dudschig and Irmgard {de la Vega} and Barbara Kaup},
  title   = {Constructing Meaning for Up and Down Situated Sentences: {I}s a Sentence more than the Sum of its Words?},
  doi     = {10.1017/langcog.2015.11},
  pages   = {1--25},
  journal = {Language and Cognition},
  year    = {2016},
}

@Article{brekle1986production,
  author    = {Brekle, Herbert E},
  title     = {The production and interpretation of ad hoc nominal compounds in {German}: {A} realistic approach},
  number    = {1-4},
  pages     = {39--52},
  volume    = {36},
  journal   = {Acta Linguistica Academiae Scientiarum Hungaricae},
  publisher = {JSTOR},
  year      = {1986},
}

@Article{LavricRastle2012,
  author  = {Lavric, Aureliu and Elchlepp, Heike and Rastle, Kathleen},
  title   = {Tracking hierarchical processing in morphological decomposition with brain potentials},
  doi     = {10.1037/a0028960},
  pages   = {811–816},
  volume  = {38},
  journal = {Journal of Experimental Psychology Human Perception \& Performance},
  year    = {2012},
}

@InProceedings{McCarthyEtAl:03,
  author    = {Diana McCarthy and Bill Keller and John Carroll},
  booktitle = {{Proceedings of the ACL Workshop on Multiword Expressions: Analysis, Acquisition and Treatment}},
  title     = {Detecting a Continuum of Compositionality in Phrasal Verbs},
  pages     = {73--80},
  address   = {Sapporo, Japan},
  year      = {2003},
}

@InProceedings{van2013melodi,
  author    = {Van de Cruys, Tim and Afantenos, Stergos and Muller, Philippe},
  booktitle = {{2nd Joint Conference on Lexical and Computational Semantics, Volume 2: Proceedings of the 7th International Workshop on Semantic Evaluation}},
  title     = {{MELODI: A supervised distributional approach for free paraphrasing of noun compounds}},
  pages     = {144--147},
  volume    = {2},
  year      = {2013},
}

@InProceedings{Masini:2007,
  author    = {Masini, Francesca and Thornton, Anna},
  booktitle = {Morphology and Dialectology},
  title     = {Italian {V}e{V} lexical constructions},
  editor    = {Booij, Geert and Ralli, Angela and Scalise, Sergio},
  pages     = {148--189},
  year      = {2007},
}

@InProceedings{tratz2010taxonomy,
  author       = {Tratz, Stephen and Hovy, Eduard},
  booktitle    = {{Proceedings of the 48th Annual Meeting of the Association for Computational Linguistics}},
  title        = {A taxonomy, dataset, and classifier for automatic noun compound interpretation},
  organization = {Association for Computational Linguistics},
  pages        = {678--687},
  year         = {2010},
}

@Article{Masini:2009,
  author  = {Masini, Francesca},
  title   = {Phrasal lexemes, compounds and phrases: A construcionist perspective},
  number  = {2},
  pages   = {254--271},
  volume  = {2},
  journal = {Word Structure},
  year    = {2009},
}

@InProceedings{marsh1984computational,
  author       = {Marsh, Elaine},
  booktitle    = {Proceedings of the 10th International Conference on Computational Linguistics and 22nd annual meeting on Association for Computational Linguistics},
  title        = {A computational analysis of complex noun phrases in {N}avy messages},
  organization = {Association for Computational Linguistics},
  pages        = {505--508},
  year         = {1984},
}

@Article{baronifrege,
  author  = {Baroni, Marco and Bernardi, Raffaela and Zamparelli, Roberto},
  title   = {Frege in Space: {A} Program of Compositional Distributional Semantics},
  number  = {6},
  pages   = {5--110},
  volume  = {9},
  ids     = {BaroniEtAl:14b},
  journal = {Linguistic Issues in Language Technologies},
  year    = {2014},
}

@Article{SB2005,
  author    = {Bisetto, Antonietta and Scalise, Sergio},
  title     = {The classification of compounds},
  number    = {2},
  pages     = {319--332},
  volume    = {4},
  ids       = {Bisetto/Scalise:05},
  journal   = {Lingue e linguaggio},
  publisher = {Societ{\`a} editrice il Mulino},
  year      = {2005},
}

@Article{bock1986syntactic,
  author    = {Bock, Kathryn},
  title     = {Syntactic persistence in language production},
  pages     = {355--387},
  volume    = {18},
  journal   = {Cognitive Psychology},
  publisher = {Elsevier},
  year      = {1986},
}

@InProceedings{Koeper/SchulteImWalde:16b,
  author    = {Maximilian K\"oper and Sabine {Schulte im Walde}},
  booktitle = {{Proceedings of the Conference of the North American Chapter of the Association for Computational Linguistics: Human Language Technologies}},
  title     = {Distinguishing Literal and Non-Literal Usage of {G}erman Particle Verbs},
  pages     = {353--362},
  address   = {San Diego, California, USA},
  year      = {2016},
}

@Article{metzing2003conceptual,
  author    = {Metzing, Charles and Brennan, Susan E},
  title     = {When conceptual pacts are broken: {P}artner-specific effects on the comprehension of referring expressions},
  number    = {2},
  pages     = {201--213},
  volume    = {49},
  journal   = {Journal of Memory and Language},
  publisher = {Elsevier},
  year      = {2003},
}

@InCollection{sbg2005,
  author    = {Scalise, Sergio and Bisetto, Antonietta and Guevara, Emiliano},
  booktitle = {Morphology and Its Demarcations},
  title     = {Selection in Compounding and Derivation: Morphology and Its Demarcations},
  chapter   = {14},
  editor    = {Dressler, Wolfgang U. and Kastovsky, Dieter and Pfeiffer, Oskar E. and Rainer, Franz},
  pages     = {133--150},
  publisher = {John Benjamins Publishing Company},
  address   = {Amsterdam},
  owner     = {Sandro},
  timestamp = {2015.03.01},
  year      = {2005},
}

@InCollection{Abreu/Vieira:08,
  author    = {Abreu, Antonio and Vieira, Sarah Barbieri},
  booktitle = {From Language as System to Language as Use: {I}mage Schemas in the Description and Explanation of Phrasal Verbs in {English}. Proceedings of {CSDL9}.},
  title     = {Learning Phrasal Verbs through Image Schemas: {A} New Approach},
  editor    = {Fey Parrill and Vera Tobin and Mark B. Turner},
  url       = {https://papers.ssrn.com/sol3/papers.cfm?abstract_id=1491689},
  year      = {2008},
}

@InCollection{Kornfeld:2009,
  author    = {Kornfeld, Laura Malena},
  booktitle = {The Oxford Handbook of Compounding},
  title     = {{R}omance: {S}panish},
  editor    = {Lieber, Rochelle and {\v{S}}tekauer, Pavol},
  pages     = {436--453},
  publisher = {{Oxford University Press}},
  year      = {2009},
}

@Article{louwerse2008,
  author    = {Louwerse, Max M},
  title     = {Embodied relations are encoded in language},
  number    = {4},
  pages     = {838--844},
  volume    = {15},
  journal   = {{Psychonomic Bulletin \& Review}},
  publisher = {Springer},
  year      = {2008},
}

@Article{Weka:09,
  author  = {Mark Hall and Eibe Frank and Geoffrey Holmes and Bernhard Pfahringer and Peter Reutemann and Ian H. Witten},
  title   = {The {WEKA} Data Mining Software: {A}n Update},
  pages   = {10--18},
  volume  = {11(1)},
  journal = {SIGKDD Explorations},
  year    = {2009},
}

@Article{LehtonenMPoeppel2011,
  author  = {Lehtonen, M. and Monahan, P. and Poeppel, D.},
  title   = {Evidence for early morphological decomposition: {{C}}ombining masked priming with magnetoencephalography},
  doi     = {10.1162/jocn_a_00035},
  pages   = {3366--3379},
  volume  = {23},
  journal = {Journal of Cognitive Neuroscience},
  year    = {2011},
}

@Article{Libben:14,
  author  = {Gary Libben},
  title   = {The Nature of Compounds: {A} Psychocentric Perspective},
  number  = {1--2},
  pages   = {8--25},
  volume  = {31},
  ids     = {libben2014nature,libben2014},
  journal = {Cognitive Neuropsychology},
  year    = {2014},
}

@Book{tesniere:1959,
  author    = {Tesni{\`e}re, Lucien},
  title     = {Elements of structural syntax, translated by {T}imothy {O}sborne and {S}ylvain {K}ahane.},
  publisher = {John Benjamins},
  address   = {Amsterdam},
  year      = {1959},
}

@Article{titone:2014,
  author  = {Titone, Debra and Libben, Maya},
  title   = {Time-dependent effects of decomposability, familiarity and literal plausibility on idiom priming: {A} cross-modal priming investigation},
  number  = {3},
  pages   = {473--496},
  volume  = {9},
  ids     = {Titone/Libben:14},
  journal = {The Mental Lexicon},
  year    = {2014},
}

@Manual{rCore:2012,
  author       = {{R Core Team}},
  title        = {R: A Language and Environment for Statistical Computing},
  organization = {R Foundation for Statistical Computing},
  url          = {http://www.R-project.org/},
  address      = {Vienna, Austria},
  year         = {2013},
}

@Book{Lieber:2009,
  title     = {The {O}xford Handbook of Compounding},
  editor    = {Lieber, Rochelle and Štekauer, Pavol},
  publisher = {Oxford University Press},
  address   = {New York},
  ids       = {OHC,Lieber/Stekauer:09},
  year      = {2009},
}

@Book{firth1957,
  author    = {Firth, John Rupert},
  title     = {Papers in {L}inguistics, 1934-1951},
  publisher = {Oxford University Press},
  address   = {Oxford, UK},
  year      = {1957},
}

@Article{holsinger:2013,
  author    = {Holsinger, Edward and Kaiser, Elsi},
  title     = {Processing (non)compositional expressions: {M}istakes and recovery.},
  number    = {3},
  pages     = {866--878},
  volume    = {39},
  journal   = {Journal of Experimental Psychology: Learning, Memory, and Cognition},
  publisher = {American Psychological Association},
  year      = {2013},
}

@InCollection{kratzer:96,
  author    = {Angelika Kratzer},
  booktitle = {Phrase Structure and the Lexicon},
  title     = {Severing the external argument from its verb},
  editor    = {Johan Rooryck and Laurie Zaring},
  pages     = {109--137},
  publisher = {Kluwer Academic Publishers},
  year      = {1996},
}

@Article{Villoing:2012,
  author  = {Villoing, Florence},
  title   = {French compounds},
  number  = {1},
  pages   = {29--60},
  volume  = {24},
  journal = {Probus. International Journal of Latin and Romance Linguistics},
  year    = {2012},
}

@Article{Bell:2016,
  author  = {Bell, Melanie and Schäfer, Martin},
  title   = {Modelling semantic transparency},
  number  = {26},
  pages   = {157-199},
  journal = {Morphology},
  year    = {2016},
}

@Unpublished{dorrestars,
  author       = {D{\"o}rre, Laura and Smolka, Eva},
  title        = {When the pig is bought in a poke -- {T}he effects of transitivity and constituent adjacency on the processing of passivized idiomatic sentences},
  howpublished = {Proceedings of the \emph{22nd Annual Conference on Architectures and Mechanisms for Language Processing (AMLaP)}, Bilbao, Spain.},
  year         = {2016},
}

@Article{Pacagnini:2003,
  author  = {Pacagnini, Ana Maria Judith},
  title   = {Compuestos sintagm{\'a}ticos y alternancia preposicional},
  pages   = {159--172},
  volume  = {9},
  journal = {Moenia},
  year    = {2003},
}

@Article{gunther:2018,
  author  = {Günther, Fritz and Smolka, Eva and Marelli, Marco},
  title   = {``{U}nderstanding'' differs between {E}nglish and {G}erman: {C}apturing Systematic Language Differences of Complex Words},
  doi     = {10.1016/j.cortex.2018.09.007},
  number  = {10},
  pages   = {158--175},
  volume  = {116},
  ids     = {GuentherEtAl:18},
  journal = {Cortex},
  year    = {2018},
}

@InProceedings{SchulteImWalde:06c,
  author    = {Sabine {Schulte im Walde}},
  booktitle = {Proceedings of the 10th Conference on Computational Natural Language Learning},
  title     = {Can Human Verb Associations help identify Salient Features for Semantic Verb Classification?},
  pages     = {69--76},
  address   = {New York City, NY},
  year      = {2006},
}

@Article{baayen:2008,
  author    = {Baayen, R. Harald and Davidson, Douglas J. and Bates, Douglas M.},
  title     = {Mixed-effects modeling with crossed random effects for subjects and items},
  number    = {4},
  pages     = {390--412},
  volume    = {59},
  journal   = {Journal of Memory and Language},
  publisher = {Elsevier},
  year      = {2008},
}

@Article{winter:2013,
  author = {Winter, Bodo},
  title  = {Linear models and linear mixed effects models in {R} with linguistic applications: {T}utorial 11},
  url    = {http://arxiv.org/pdf/1308.5499.pdf},
  year   = {2013},
}

@Book{fanselow1981,
  author    = {Fanselow, Gisbert},
  title     = {Zur Syntax und Semantik der Nominalkomposition},
  publisher = {T{\"u}bingen: Niemeyer},
  year      = {1981},
}

@Book{ackema:neeleman:04,
  author    = {Peter Ackema and Ad Neeleman},
  title     = {Beyond Morphology},
  publisher = {Oxford University Press},
  address   = {Oxford},
  year      = {2004},
}

@Article{shapiro:1987,
  author    = {Shapiro, Lewis P. and Zurif, Edgar and Grimshaw, Jane},
  title     = {Sentence processing and the mental representation of verbs},
  number    = {3},
  pages     = {219--246},
  volume    = {27},
  journal   = {Cognition},
  publisher = {Elsevier},
  year      = {1987},
}

@Article{Tversky:11,
  author  = {Barbara Tversky},
  title   = {Visualizing Thought},
  pages   = {499--535},
  volume  = {3},
  journal = {Topics in Cognitive Science},
  year    = {2011},
}

@InCollection{ValAlvaro:1999,
  author    = {{Val {\`A}lvaro}, Jos{\'e} Francisco},
  booktitle = {Gram{\'a}tica descriptiva de la lengua espanola},
  title     = {La composici{\'o}n},
  editor    = {Demonte, Violeta and Bosque, Ignacio},
  pages     = {4747--4842},
  publisher = {{Espasa Calpe}},
  volume    = {3},
  address   = {Barcelona},
  year      = {1999},
}

@Article{baayen:2016,
  author    = {Baayen, R. Harald and Shaoul, Cyrus and Willits, Jon and Ramscar, Michael},
  title     = {Comprehension without segmentation: {A} proof of concept with naive discriminative learning},
  number    = {1},
  pages     = {106--128},
  volume    = {31},
  journal   = {Language, Cognition and Neuroscience},
  publisher = {Taylor \& Francis},
  year      = {2016},
}

@Article{baayen:2013,
  author    = {Baayen, R. Harald and Hendrix, Peter and Ramscar, Michael},
  title     = {Sidestepping the combinatorial explosion: {A}n explanation of n-gram frequency effects based on naive discriminative learning},
  number    = {3},
  pages     = {329--347},
  volume    = {56},
  journal   = {Language and Speech},
  publisher = {Sage Publications},
  year      = {2013},
}

@InCollection{bauer2001,
  author    = {Bauer, Laurie},
  booktitle = {Language Typology and Language Universals},
  title     = {Compounding},
  editor    = {Haspelmath, Martin and K\"{o}nig, Ekkehard and Oesterreicher, Wulf and Raible, Wolfgang},
  isbn      = {9783110194265},
  publisher = {De Gruyter},
  address   = {Berlin and New York},
  owner     = {Sandro},
  timestamp = {2015.02.26},
  year      = {2001},
}

@Article{baayen:2011,
  author    = {Baayen, R. Harald and Milin, Petar and {\DJ}ur{\dj}evi{\'c}, Dusica Filipovi{\'c} and Hendrix, Peter and Marelli, Marco},
  title     = {An amorphous model for morphological processing in visual comprehension based on naive discriminative learning.},
  number    = {3},
  pages     = {438--481},
  volume    = {118},
  journal   = {Psychological Review},
  publisher = {American Psychological Association},
  year      = {2011},
}

@InProceedings{SpringorumEtAl:13,
  author    = {Sylvia Springorum and Jason Utt and Sabine {Schulte im Walde}},
  booktitle = {{Proceedings of the 10th International Conference on Computational Semantics}},
  title     = {Regular Meaning Shifts in {G}erman Particle Verbs: {A} Case Study},
  pages     = {228--239},
  address   = {Potsdam, Germany},
  year      = {2013},
}

@Article{zwitserlood1994,
  author  = {Zwitserlood, Pienie},
  title   = {The role of semantic transparency in the processing and representation of {D}utch compounds},
  number  = {3},
  pages   = {341--368},
  volume  = {9},
  ids     = {Zwitserlood:94,Zwitserlood:1994},
  journal = {Language and Cognitive Processes},
  year    = {1994},
}

@Article{springer1992feature,
  author    = {Springer, Ken and Murphy, Gregory L},
  title     = {Feature availability in conceptual combination},
  number    = {2},
  pages     = {111--117},
  volume    = {3},
  journal   = {Psychological Science},
  publisher = {SAGE Publications Sage CA: Los Angeles, CA},
  year      = {1992},
}

@Book{gansel:1992,
  author    = {Gansel, Christina},
  title     = {Semantik deutscher {V}erben in kognitionspsychologischer {S}icht},
  publisher = {Peter Lang},
  address   = {Frankfurt am Main},
  year      = {1992},
}

@Article{LibbenWeber2014,
  author    = {Libben, Gary and Curtiss, Kaitlin and Weber, Silke},
  title     = {Psychocentricity and participant profiles: {{I}}mplications for lexical processing among multilinguals},
  doi       = {10.3389/fpsyg.2014.00557},
  volume    = {4},
  journal   = {Frontiers of Psychology},
  publisher = {10},
  year      = {2014},
}

@InProceedings{farahmand2015multiword,
  author    = {Farahmand, Meghdad and Smith, Aaron and Nivre, Joakim},
  booktitle = {Proceedings of the 11th Workshop on Multiword Expressions},
  title     = {A multiword expression data set: {A}nnotating non-compositionality and conventionalization for english noun compounds},
  pages     = {29--33},
  address   = {Denver, Colorado, USA},
  ids       = {FarahmandEtAl:15},
  year      = {2015},
}

@Article{olson1970language,
  author    = {Olson, David R},
  title     = {Language and thought: {A}spects of a cognitive theory of semantics},
  number    = {4},
  pages     = {257--258},
  volume    = {77},
  journal   = {Psychological Review},
  publisher = {American Psychological Association},
  year      = {1970},
}

@Article{gagne1997influence,
  author    = {Gagn{\'e}, Christina L and Shoben, Edward J},
  title     = {Influence of thematic relations on the comprehension of modifier--noun combinations.},
  number    = {1},
  pages     = {71--87},
  volume    = {23},
  journal   = {Journal of Experimental Psychology: Learning, Memory, and Cognition},
  publisher = {American Psychological Association},
  year      = {1997},
}

@Article{Taft/NguyenHoan:10,
  author  = {Marcus Taft and Minh Nguyen-Hoan},
  title   = {A Sticky Stick? {T}he Locus of Morphological Representation in the Lexicon},
  number  = {2},
  pages   = {277--296},
  volume  = {25},
  journal = {Language and Cognitive Processes},
  year    = {2010},
}

@Article{gagne2004effect,
  author    = {Gagné, Christina L and Spalding, Thomas L},
  title     = {Effect of discourse context and modifier relation frequency on conceptual combination},
  number    = {4},
  pages     = {444--455},
  volume    = {50},
  ids       = {Gagne/Spalding:04a},
  journal   = {Journal of Memory and Language},
  publisher = {Elsevier},
  year      = {2004},
}

@Article{harris1954,
  author    = {Zellig Harris},
  title     = {Distributional structure},
  number    = {2-3},
  pages     = {146--162},
  volume    = {10},
  ids       = {Harris:54},
  journal   = {Word},
  publisher = {Taylor \& Francis},
  year      = {1954},
}

@Article{baroni2006,
  author  = {Baroni, Marco and Guevara, Emiliano and Pirrelli, Vito},
  title   = {{Sulla tipologia dei composti N+N in italiano: Principi categoriali ed evidenza distribuzionale a confronto}},
  pages   = {21--23},
  journal = {Atti del convegno SLI},
  year    = {2006},
}

@InCollection{lieber5OHC,
  author    = {Lieber, Rochelle},
  booktitle = {The {O}xford Handbook of Compounding},
  title     = {A lexical semantic approach to compounding},
  chapter   = {5},
  editor    = {Lieber, Rochelle and Štekauer, Pavol},
  pages     = {78--104},
  publisher = {Oxford University Press},
  address   = {New York},
  owner     = {Sandro},
  timestamp = {2015.02.23},
  year      = {2009},
}

@Article{wang2014,
  author    = {Wang, Hsueh-Cheng and Hsu, Li-Chuan and Tien, Yi-Min and Pomplun, Marc},
  title     = {Predicting raters' transparency judgments of {E}nglish and {C}hinese morphological constituents using latent semantic analysis},
  number    = {1},
  pages     = {284--306},
  volume    = {46},
  journal   = {{Behavior Research Methods}},
  publisher = {Springer},
  year      = {2014},
}

@Book{Lindner:83,
  author    = {Susan Lindner},
  title     = {A Lexico-Semantic Analysis of {E}nglish Verb Particle Constructions with \textit{"out"} and \textit{"up"}},
  publisher = {Indiana University Linguistics Club},
  address   = {Bloomington},
  year      = {1983},
}

@Book{Dreyfuss:84,
  author    = {Henry Dreyfuss},
  title     = {Symbol Sourcebook: {A}n Authoritative Guide to International Graphic Symbols},
  publisher = {John Wiley \& Sons},
  address   = {New York},
  year      = {1972},
}

@Article{Hamblin/Gibbs:03,
  author  = {Jennifer L. Hamblin and Raymond W. {Gibbs Jr.}},
  title   = {Processing the Meanings of What Speakers Say and Implicate},
  pages   = {59--80},
  volume  = {35},
  journal = {Discourse Processes},
  year    = {2003},
}

@InCollection{prince1992zpg,
  author    = {Prince, Ellen F},
  booktitle = {Discourse description: Diverse Linguistic Analyses of a Fund-raising Text},
  title     = {The {ZPG} letter: {S}ubjects, Definiteness, and Information-status},
  editor    = {William C Mann and Sandra A Thompson},
  pages     = {295--325},
  publisher = {Amsterdam: John Benjamins},
  year      = {1992},
}

@Article{SahelWeingarten2008,
  author  = {Sahel, Said and Nottbusch, Guido and Grimm, Angela and Weingarten, Rüdiger},
  title   = {Written production of {German} compounds: {{{E}}}ffects of lexical frequency and semantic transparency},
  doi     = {10.1075/wll.11.2.06sah},
  pages   = {211–227},
  volume  = {11},
  journal = {Written Language \& Literacy},
  year    = {2008},
}

@Article{sedivy2002invoking,
  author    = {Sedivy, Julie C},
  title     = {Invoking discourse-based contrast sets and resolving syntactic ambiguities},
  number    = {2},
  pages     = {341--370},
  volume    = {46},
  journal   = {Journal of Memory and Language},
  publisher = {Academic Press},
  year      = {2002},
}

@InProceedings{dima2015automatic,
  author    = {Dima, Corina and Hinrichs, Erhard},
  booktitle = {{Proceedings of the 11th International Conference on Computational Semantics}},
  title     = {Automatic noun compound interpretation using deep neural networks and word embeddings},
  pages     = {173--183},
  year      = {2015},
}

@Article{Girju:2005,
  author  = {Girju, Roxana and Moldovan, Dan and Tatu, Marta and Antohe, Daniel},
  title   = {On the Semantics of Noun Compounds},
  note    = {Special Issue on Multiword Expressions},
  number  = {4},
  pages   = {479--496},
  volume  = {19},
  ids     = {GirjuEtAl:05},
  journal = {Journal of Computer Speech and Language},
  year    = {2005},
}

@Article{GonnermanEtAl:07,
  author  = {Laura M. Gonnerman and Mark S. Seidenberg and Elaine S. Andersen},
  title   = {Graded Semantic and Phonological Similarity Effects in Priming: {E}vidence for a Distributed Connectionist Approach to Morphology},
  number  = {2},
  pages   = {323--345},
  volume  = {136},
  journal = {Journal of Experimental Psychology: General},
  year    = {2007},
}

@Article{FeldmanEtAl2019,
  author  = {Feldman, Laurie Beth and Dale, Rick and van Rij, Jacolien},
  title   = {Lexical and Frequency Effects on Keystroke Timing: {C}hallenges to a Lexical Search Account From a Type-To-Copy Task},
  volume  = {4},
  journal = {Frontiers in Communication},
  year    = {2019},
}

@Article{Hennecke:2017,
  author  = {Hennecke, Inga and Baayen, R. Harald},
  title   = {A quantitative survey of {N} {P}rep {N} constructions in Romance languages and prepositional variability},
  pages   = {129--146},
  volume  = {22},
  journal = {Quaderns de Filologia: Estudis Ling{\"u}{\'i}stics},
  year    = {2017},
}

@InProceedings{RichardsonEtAl:01,
  author    = {Daniel C. Richardson and Michael J. Spivey and Shimon Edelman and Adam J. Naples},
  booktitle = {{Proceedings of the 23rd Annual Meeting of the Cognitive Science Society}},
  title     = {Language is Spatial: {E}xperimental Evidence for Image Schemas of Concrete and Abstract Verbs},
  address   = {Edinburgh, UK},
  year      = {2001},
}

@Book{Herskovits:86,
  author    = {Anette Herskovits},
  title     = {Language and Spatial Cognition: {A}n Interdisciplinary Study of the Prepositions in {E}nglish},
  publisher = {Cambridge University Press},
  series    = {Studies in Natural Language Processing},
  address   = {Cambridge},
  year      = {1986},
}

@Book{Frutiger:87,
  author    = {Frutiger, Adrian},
  title     = {{Der Mensch und seine Zeichen}},
  publisher = {Marix Verlag},
  address   = {Wiesbaden},
  year      = {1987},
}

@Article{ferreira2005speakers,
  author    = {Ferreira, Victor S and Slevc, L Robert and Rogers, Erin S},
  title     = {How do speakers avoid ambiguous linguistic expressions?},
  number    = {3},
  pages     = {263--284},
  volume    = {96},
  journal   = {Cognition},
  publisher = {Elsevier},
  year      = {2005},
}

@Article{FrissonEtAl:08,
  author  = {Steven Frisson and Elizabeth Niswander-Klement and Alexander Pollatsek},
  title   = {The Role of Semantic Transparency in the Processing of {E}nglish Compound Words},
  number  = {1},
  pages   = {87--107},
  volume  = {99},
  journal = {British Journal of Psychology},
  year    = {2008},
}

@Book{Waldron:79,
  author    = {Ronald A. Waldron},
  title     = {Sense and Sense Development},
  publisher = {Andre Deutsch Ltd},
  address   = {London},
  year      = {1979},
}

@Mathesis{fokkens:07,
  address = {MA Thesis, Universit\"at des Saarladens, Saarbr\"ucken},
  author  = {{Antske Sibelle} Fokkens},
  title   = {A hybrid approach to compound noun disambiguation},
  year    = {2007},
}

@InProceedings{Bannard:07,
  author    = {Colin Bannard},
  booktitle = {{Proceedings of the ACL Workshop on A Broader Perspective on Multiword Expressions}},
  title     = {A Measure of Syntactic Flexibility for Automatically Identifying Multiword Expressions in Corpora},
  pages     = {1--8},
  address   = {Prague, Czech Republic},
  year      = {2007},
}

@Article{Bannard:05,
  author  = {Collin Bannard},
  title   = {Learning about the Meaning of Verb-Particle Constructions from Corpora},
  pages   = {467--478},
  volume  = {19},
  journal = {Computer Speech and Language},
  year    = {2005},
}

@Article{garrod1987saying,
  author  = {Garrod, Simon and Anderson, Anthony},
  title   = {Saying what you mean in dialogue: {A} study in conceptual and semantic co-ordination},
  number  = {2},
  pages   = {181--218},
  volume  = {27},
  journal = {Cognition},
  year    = {1987},
}

@Article{RuecklAicher2008,
  author  = {Jay G. Rueckl and Karen A. Aicher},
  title   = {Are CORNER and BROTHER morphologically complex? {N}ot in the long term},
  doi     = {10.1080/01690960802211027},
  number  = {7--8},
  pages   = {972--1001},
  volume  = {23},
  journal = {Language and Cognitive Processes},
  year    = {2008},
}

@Article{BalotaEtAl2007,
  author  = {Balota, David A. and Melvin J. Yap and Keith A. Hutchison and Michael J. Cortese and Brett Kessler and Bjorn Loftis and James H. Neely and Douglas L. Nelson and Greg B. Simpson and Rebecca Treiman},
  title   = {The {English} Lexicon Project},
  number  = {3},
  pages   = {445--459},
  volume  = {39},
  ids     = {balota2007},
  journal = {Behavior Research Methods},
  year    = {2007},
}

@InProceedings{salehi2015word,
  author    = {Salehi, Bahar and Cook, Paul and Baldwin, Timothy},
  booktitle = {Proceedings of the 2015 Conference of the {North American} Chapter of the {Association for Computational Linguistics}: {H}uman Language Technologies},
  title     = {A word embedding approach to predicting the compositionality of multiword expressions},
  pages     = {977--983},
  address   = {Denver, CO},
  ids       = {SalehiEtAl:15},
  year      = {2015},
}

@Article{brysbaert2018,
  author    = {Brysbaert, Marc and Mandera, Pawe{\l} and Keuleers, Emmanuel},
  title     = {{The word frequency effect in word processing: An updated review}},
  number    = {1},
  pages     = {45--50},
  volume    = {27},
  journal   = {Current Directions in Psychological Science},
  publisher = {SAGE Publications Sage CA: Los Angeles, CA},
  year      = {2018},
}

@InCollection{Libben:06,
  author    = {Gary Libben},
  booktitle = {The representation and processing of compound words},
  title     = {Why study compounds? {A}n overview of the issues},
  editor    = {Gary Libben and Gonia Jarema},
  pages     = {1--21},
  publisher = {Oxford: Oxford University Press},
  year      = {2006},
}

@InProceedings{Sporleder/Li:09,
  author    = {Caroline Sporleder and Linlin Li},
  booktitle = {{Proceedings of the 12th Conference of the European Chapter of the Association for Computational Linguistics}},
  title     = {Unsupervised Recognition of Literal and Non-Literal Use of Idiomatic Expressions},
  pages     = {754--762},
  address   = {Athens, Greece},
  year      = {2009},
}

@Article{FeldmanEtAl:04,
  author  = {Laurie Beth Feldman and Emily G. Soltano and Matthew John Pastizzo and Sarah E. Francis},
  title   = {What do Graded Effects of Semantic Transparency reveal about Morphological Processing?},
  pages   = {17--30},
  volume  = {90},
  journal = {Brain and Language},
  year    = {2004},
}

@Book{borer:13,
  author    = {Hagit Borer},
  title     = {Taking Form},
  publisher = {Oxford University Press},
  address   = {Oxford},
  year      = {2013},
}

@TechReport{Marneffe:08,
  author  = {{d}e Marneffe, Marie-Catherine and Manning, Christopher D.},
  title   = {Stanford typed dependencies manual},
  address = {Stanford University},
  year    = {2008},
}

@Article{hampton2011modifier,
  author    = {Hampton, James A and Passanisi, Alessia and J{\"o}nsson, Martin L},
  title     = {The modifier effect and property mutability},
  number    = {3},
  pages     = {233--248},
  volume    = {64},
  journal   = {Journal of Memory and Language},
  publisher = {Elsevier},
  year      = {2011},
}

@InProceedings{Reddy:2011,
  author    = {Siva Reddy and Diana McCarthy and Suresh Manandhar},
  booktitle = {{Proceedings of the 5th International Joint Conference on Natural Language Processing}},
  title     = {An Empirical Study on Compositionality in Compound Nouns},
  pages     = {210--218},
  address   = {Chiang Mai, Thailand},
  ids       = {reddy2011empirical,ReddyEtAl:11a},
  year      = {2011},
}

@Book{fellbaum:98,
  title     = {{WordNet: An electronic lexical database}},
  editor    = {Fellbaum, Christiane},
  publisher = {MIT Press},
  address   = {Cambridge, MA},
  keywords  = {WordNet wordnet},
  year      = {1998},
}

@Article{LibbenEtAl2012,
  author  = {Libben, Gary and Silke Weber and Koji Miwa},
  title   = {P3: {A} technique for the study of perception, production, and participant properties},
  number  = {2},
  pages   = {237--248},
  volume  = {7},
  journal = {The Mental Lexicon},
  year    = {2012},
}

@Article{rubio2016redundant,
  author  = {Rubio-Fern{\'a}ndez, Paula},
  title   = {How redundant are redundant color adjectives? {An} efficiency-based analysis of color overspecification},
  pages   = {153},
  volume  = {7},
  journal = {Frontiers in Psychology},
  year    = {2016},
}

@Article{connolly2007stereotypes,
  author    = {Connolly, Andrew C and Fodor, Jerry A and Gleitman, Lila R and Gleitman, Henry},
  title     = {Why stereotypes don’t even make good defaults},
  number    = {1},
  pages     = {1--22},
  volume    = {103},
  journal   = {Cognition},
  publisher = {Elsevier},
  year      = {2007},
}

@Article{Plaut/Gonnerman:00,
  author  = {David C. Plaut and Laura M. Gonnerman},
  title   = {Are Non-Semantic Morphological Effects incompatible with a Distributed Connectionist Approach to Lexical Processing?},
  number  = {4--5},
  pages   = {445--485},
  volume  = {15},
  journal = {Language and Cognitive Processes},
  year    = {2000},
}

@Book{Gaerdenfors:04,
  author    = {G{\"a}rdenfors, Peter},
  title     = {Conceptual Spaces: {T}he Geometry of Thought},
  publisher = {MIT Press},
  address   = {Cambridge},
  year      = {2004},
}

@InCollection{copestake2005noun,
  author    = {Copestake, Ann and Briscoe, EJ},
  booktitle = {Charting a New Course: {N}atural Language Processing and Information Retrieval},
  title     = {Noun compounds revisited},
  pages     = {129--154},
  publisher = {Netherlands: Springer},
  volume    = {16},
  year      = {2005},
}

@Article{caillies:2007,
  author  = {Caillies, St{\'e}phanie and Butcher, Kirsten},
  title   = {Processing of Idiomatic Expressions: {E}vidence for a New Hybrid View},
  number  = {1},
  pages   = {79--108},
  volume  = {22},
  ids     = {Caillies/Butcher:07},
  journal = {Memory and Language},
  year    = {2007},
}

@InProceedings{Faass/Eckart:13,
  author    = {Gertrud Faa{\ss} and Kerstin Eckart},
  booktitle = {Proceedings of the International Conference of the {G}erman Society for Computational Linguistics and Language Technology},
  title     = {Sde{W}a{C} -- {A} Corpus of Parsable Sentences from the Web},
  pages     = {61--68},
  address   = {Darmstadt, Germany},
  year      = {2013},
}

@Article{tanenhaus1995integration,
  author    = {Tanenhaus, Michael K and Spivey-Knowlton, Michael J and Eberhard, Kathleen M and Sedivy, Julie C},
  title     = {Integration of Visual and Linguistic Information in Spoken Language Comprehension},
  number    = {5217},
  pages     = {1632--1634},
  volume    = {268},
  journal   = {Science},
  publisher = {American Association for the Advancement of Science},
  year      = {1995},
}

@Report{keller:1998,
  author      = {Keller, Frank and Corley, Martin and Corley, Steffan and Konieczny, Lars and Todirascu, Amalia},
  institution = {{H}uman {C}ommunication {R}esearch {C}entre, {U}niversity of {E}dinburgh.},
  title       = {WebExp: {A} Java Toolbox for Web-Based Psychological Experiments.},
  type        = {{T}echnical {R}eport {HCRC/TR-99}},
  url         = {http://www.hcrc.ed.ac.uk/web_exp/},
  publisher   = {Citeseer},
  year        = {1998},
}

@Article{bobrow:1973,
  author  = {Samual A. Bobrow and Susan M. Bell},
  title   = {On Catching on to Idiomatic Expression},
  number  = {3},
  pages   = {343--346},
  volume  = {1},
  ids     = {Bobrow/Bell:73},
  journal = {Memory and Cognition},
  year    = {1973},
}

@Article{clark1986referring,
  author    = {Clark, Herbert H and Wilkes-Gibbs, Deanna},
  title     = {Referring as a collaborative process},
  pages     = {1--39},
  volume    = {22},
  journal   = {Cognition},
  numer     = {1},
  publisher = {Elsevier},
  year      = {1986},
}

@Article{RastleEtAl:00,
  author  = {Kathleen Rastle and Matthew H. Davis and William Marslen-Wilson and Lorraine Komisarjevsky Tyler},
  title   = {Morphological and Semantic Effects in Visual Word Recognition: {A} Time-Course Study},
  number  = {4--5},
  pages   = {507--537},
  volume  = {15},
  journal = {Language and Cognitive Processes},
  year    = {2000},
}

@Article{gagne2009constituent,
  author    = {Gagné, Christina L and Spalding, Thomas L},
  title     = {Constituent integration during the processing of compound words: {D}oes it involve the use of relational structures?},
  number    = {1},
  pages     = {20--35},
  volume    = {60},
  ids       = {Gagne:2009,gagnesp2009,Gagne/Spalding:09},
  journal   = {Journal of Memory and Language},
  publisher = {Elsevier},
  year      = {2009},
}

@InProceedings{SchulteImWaldeEtAl:16b,
  author    = {Sabine {Schulte im Walde} and Anna H\"atty and Stefan Bott},
  booktitle = {Proceedings of the 5th Joint Conference on Lexical and Computational Semantics},
  title     = {The Role of Modifier and Head Properties in Predicting the Compositionality of {E}nglish and {G}erman Noun-Noun Compounds: {A} Vector-Space Perspective},
  pages     = {148--158},
  address   = {Berlin, Germany},
  year      = {2016},
}

@Article{libben1998semantic,
  author    = {Libben, Gary},
  title     = {Semantic transparency in the processing of compounds: {C}onsequences for representation, processing, and impairment},
  number    = {1},
  pages     = {30--44},
  volume    = {61},
  ids       = {libben1998,Libben:98},
  journal   = {Brain and Language},
  publisher = {Elsevier},
  year      = {1998},
}

@InProceedings{SchulteImWaldeEtAl:16a,
  author    = {Schulte im Walde, Sabine and Hätty, Anna and Bott, Stefan and Khvtisavrishvili, Nana},
  booktitle = {Proceedings of the 10th International Conference on Language Resources and Evaluation},
  title     = {G$_h$ost-NN: {A} representative gold standard of {G}erman noun-noun compounds},
  pages     = {2285--2292},
  address   = {Portoroz, Slovenia},
  year      = {2016},
}

@InProceedings{SagEtAl:02,
  author    = {Ivan A. Sag and Timothy Baldwin and Francis Bond and Ann Copestake and Dan Flickinger},
  booktitle = {Proceedings of the Conference on Intelligent Text Processing and Computational Linguistics},
  title     = {Multiword Expressions: {A} Pain in the Neck for {NLP}},
  address   = {Mexico City, Mexico},
  year      = {2002},
}

@Article{Springorum:11,
  author  = {Sylvia Springorum},
  title   = {{DRT}-based Analysis of the {G}erman Verb Particle \textit{"an"}},
  pages   = {80--105},
  volume  = {97},
  journal = {Leuvense Bijdragen},
  year    = {2011},
}

@Article{Libben2017,
  author  = {Libben, Gary},
  title   = {The quantum metaphor and the organization of words in the mind},
  doi     = {10.1007/s41809-017-0003-5},
  pages   = {49--55},
  volume  = {1},
  journal = {Cultural Cognitive Science},
  year    = {2017},
}

@InProceedings{P18-1111,
  author    = {Shwartz, Vered and Dagan, Ido},
  booktitle = {{Proceedings of the 56th Annual Meeting of the Association for Computational Linguistics (Volume 1: Long Papers)}},
  title     = {Paraphrase to Explicate: {R}evealing Implicit Noun-Compound Relations},
  location  = {Melbourne, Australia},
  pages     = {1200--1211},
  year      = {2018},
}

@Book{lieber:04,
  author    = {Lieber, Rochelle},
  title     = {Morphology and Lexical Semantics},
  publisher = {Cambridge University Press},
  address   = {Cambridge},
  ids       = {lieber2004},
  year      = {2004},
}

@Article{MarslenWilsonEtAl:94,
  author  = {William D. Marslen-Wilson and Lorraine K. Tyler and Rachelle Waksler and Lianne Older},
  title   = {Morphology and Meaning in the {E}nglish Mental Lexicon},
  pages   = {3--33},
  volume  = {101},
  journal = {Psychological Review},
  year    = {1994},
}

@InCollection{Libben2015,
  author    = {Libben, Gary},
  booktitle = {Word-Formation: {A}n International Handbook of the Languages of {E}urope},
  title     = {Word-formation in psycholinguistics and neurocognitive research},
  editor    = {Müller, Peter and Ohnheiser, Ingeborg and Olsen, Susan and Franz Reiner},
  pages     = {203--217},
  publisher = {De Gruyter Mouton},
  volume    = {1},
  address   = {Berlin\slash Boston},
  year      = {2015},
}

@Book{redewendungen:2002,
  author    = {Duden, Redewendungen},
  title     = {W{\"o}rterbuch der deutschen {I}diomatik},
  publisher = {Dudenverlag},
  address   = {Mannheim},
  year      = {2002},
}

@Article{VanHeuven:2014,
  author  = {Walter J. B. van Heuven and Pawel Mandera and Emmanuel Keuleers, and Marc Brysbaert},
  title   = {{SUBTLEX-UK: A} new and improved word frequency database for {B}ritish {E}nglish},
  pages   = {1176--1190},
  volume  = {67(6)},
  journal = {Journal of Experimental Psychology},
  year    = {2014},
}

@Article{BaayenSmolka2019,
  author  = {Baayen, R. Harald and Smolka, Eva},
  title   = {Modeling morphological priming in {German} with naive discriminative learning},
  doi     = {10.31234/osf.io/nj39v},
  journal = {PsyArXiv},
  year    = {2019},
}

@Article{warren1978,
  author  = {Warren, Beatrice},
  title   = {Semantic patterns of noun-noun compounds},
  pages   = {1--266},
  volume  = {41},
  journal = {Acta Universitatis Gothoburgensis. Gothenburg Studies in English Goteborg},
  year    = {1978},
}

@InProceedings{SchulteImWaldeEtAl:16,
  author    = {Schulte im Walde, Sabine and Hätty, Anna and Bott, Stefan},
  booktitle = {Proceedings of the 5th Joint Conference on Lexical and Computational Semantics},
  title     = {The Role of Modifier and Head Properties in Predicting the Compositionality of {E}nglish and {G}erman Noun-Noun Compounds: {A} Vector-Space Perspective},
  pages     = {148--158},
  address   = {Berlin, Germany},
  year      = {2016},
}

@Article{smolka:2007,
  author    = {Smolka, Eva and Rabanus, Stefan and R{\"o}sler, Frank},
  title     = {Processing verbs in {G}erman idioms: {E}vidence against the {C}onfiguration {H}ypothesis},
  number    = {3},
  pages     = {213--231},
  volume    = {22},
  journal   = {Metaphor and Symbol},
  publisher = {Taylor \& Francis},
  year      = {2007},
}

@Article{MonahanEtAl:08,
  author  = {Philip J. Monahan and Robert Fiorentino and David Poeppel},
  title   = {Masked Repetition Priming using Magnetoencephalography},
  pages   = {65--71},
  volume  = {106},
  journal = {Brain and Language},
  year    = {2008},
}

@Article{Bell/Schaefer:16,
  author  = {Melanie J. Bell and Martin Sch\"afer},
  title   = {Modelling Semantic Transparency},
  pages   = {157--199},
  volume  = {26},
  journal = {Morphology},
  year    = {2016},
}

@Book{grimshaw:90,
  author    = {Jane Grimshaw},
  title     = {Argument Structure},
  publisher = {MIT Press},
  address   = {Cambridge, MA},
  year      = {1990},
}

@Article{thompson:1997,
  author    = {Thompson, Cynthia K. and Lange, K.L. and Schneider, Sandra L. and Shapiro, Lewis P},
  title     = {Agrammatic and non-brain-damaged subjects' verb and verb argument structure production},
  number    = {4-5},
  pages     = {473--490},
  volume    = {11},
  journal   = {Aphasiology},
  publisher = {Taylor \& Francis},
  year      = {1997},
}

@Unpublished{mikolov2013,
  author = {Mikolov, Tomas and Chen, Kai and Corrado, Greg and Dean, Jeffrey},
  title  = {Efficient estimation of word representations in vector space},
  url    = {http://arxiv.org/abs/1301.3781/},
  year   = {2013},
}

@InProceedings{SchulteImWaldeEtAl:18,
  author    = {Sabine {Schulte im Walde} and Maximilian K\"oper and Sylvia Springorum},
  booktitle = {{Proceedings of the 7th Joint Conference on Lexical and Computational Semantics}},
  title     = {Assessing Meaning Components in {G}erman Complex Verbs: {A} Collection of Source–Target Domains and Directionality},
  pages     = {22--32},
  address   = {New Orleans, LA, USA},
  year      = {2018},
}

@Book{burger:2003,
  author    = {Burger, Harald},
  title     = {Phraseologie. {E}ine {E}inführung am {B}eispiel des {D}eutschen},
  publisher = {Erich Schmidt},
  address   = {Berlin},
  year      = {2003},
}

@InCollection{burger:2004,
  author    = {Burger, Harald},
  booktitle = {Wortverbindungen - mehr oder weniger fest.},
  title     = {Phraseologie - {K}r{\"a}uter und {R}{\"u}ben? {T}radition und {P}erspektiven der {F}orschung.},
  editor    = {Steyer, K.},
  pages     = {19--40},
  publisher = {Walter de Gruyter},
  address   = {Berlin/New York},
  year      = {2004},
}

@Book{clark1983lexicon,
  author    = {Clark, Eve V},
  title     = {The lexicon in acquisition},
  publisher = {Cambridge: Cambridge University Press},
  year      = {1983},
}

@InProceedings{Kuehner/SchulteImWalde:10,
  author    = {Natalie K\"uhner and Sabine {Schulte im Walde}},
  booktitle = {{Proceedings of the 10th Conference on Natural Language Processing}},
  title     = {Determining the Degree of Compositionality of {G}erman Particle Verbs by Clustering Approaches},
  pages     = {47--56},
  address   = {Saarbr\"ucken, Germany},
  year      = {2010},
}

@InProceedings{Gillick:09,
  author    = {Gillick, Dan},
  booktitle = {Proceedings of Human Language Technologies: {The} 2009 Annual Conference of the {North American} Chapter of the {Association for Computational Linguistics}, Companion Volume: {S}hort Papers},
  title     = {Sentence Boundary Detection and the Problem with the {U.S.}},
  location  = {Boulder, Colorado},
  pages     = {241--244},
  address   = {Stroudsburg, PA, USA},
  year      = {2009},
}

@InCollection{Bartning:1993,
  author    = {Bartning, Inge},
  booktitle = {Les pr{\'e}positions: m{\'e}thodes d'analyse},
  title     = {La pr{\'e}position 'de' et les interpr{\'e}tations possibles des syntagmes nominaux complexes: Essai d'approche cognitive},
  editor    = {Berthonneau, Anne-Marie and Cadiot, Pierre},
  pages     = {163--191},
  publisher = {{Presse Universitaires de Lille}},
  series    = {Lexique},
  volume    = {11},
  address   = {Lille},
  year      = {1993},
}

@Article{Bosredon:1991,
  author  = {Bosredon, Bernard and Tamba, Ir{\`e}ne},
  title   = {Verre {\`a} pied, moule {\`a} gaufres: Pr{\'e}position et noms compos{\'e}s de sous-classe},
  number  = {91},
  pages   = {40--55},
  journal = {Langue fran{\c{c}}aise},
  year    = {1991},
}

@Book{lieber:16,
  author    = {Lieber, Rochelle},
  title     = {English Nouns. {T}he Ecology of Nominalizations},
  publisher = {Cambridge University Press},
  address   = {Cambridge},
  year      = {2016},
}

@Article{chang2003can,
  author    = {Chang, Franklin and Bock, Kathryn and Goldberg, Adele E},
  title     = {Can thematic roles leave traces of their places?},
  number    = {1},
  pages     = {29--49},
  volume    = {90},
  journal   = {Cognition},
  publisher = {Elsevier},
  year      = {2003},
}

@Book{Laumann:1998,
  author    = {Laumann, Ferdinand},
  title     = {Franz{\"o}sische {N}ominalkomposita mit {P}r{\"a}position: Eine {U}ntersuchung aufgrund der naturwissenschaftlich-technischen {F}achsprache},
  publisher = {Lit},
  series    = {Studien zur Linguisitk},
  volume    = {5},
  address   = {M{\"u}nster},
  year      = {1998},
}

@InCollection{Zwarts:10,
  author    = {Joost Zwarts},
  booktitle = {Language, Cognition and Space: {T}he State of the Art and New Directions},
  title     = {Forceful Prepositions},
  editor    = {Vyvyan Evans and Paul Chilton},
  pages     = {193--214},
  publisher = {Equinox Publishing},
  address   = {Sheffield},
  year      = {2010},
}

@InProceedings{Huang:10,
  author    = {Huang, Zhongqiang and Harper, Mary and Petrov, Slav},
  booktitle = {Proceedings of the 2010 Conference on Empirical Methods in Natural Language Processing},
  title     = {Self-training with Products of Latent Variable Grammars},
  location  = {Cambridge, Massachusetts},
  pages     = {12--22},
  acmid     = {1870660},
  address   = {Stroudsburg, PA, USA},
  numpages  = {11},
  year      = {2010},
}

@Article{Morgan:97,
  author  = {Pamela S. Morgan},
  title   = {Figuring out \textit{figure out}: {M}etaphor and the Semantics of {E}nglish Verb-Particle Constructions},
  number  = {4},
  pages   = {327--357},
  volume  = {8},
  journal = {Cognitive Linguistics},
  year    = {1997},
}

@Book{selkirk:82,
  author    = {Elisabeth O.\ Selkirk},
  title     = {The Syntax of Words},
  publisher = {MIT Press},
  address   = {Cambridge, MA},
  ids       = {selkirk1982},
  year      = {1982},
}

@InCollection{Fradin:2009,
  author    = {Fradin, Bernhard},
  booktitle = {The Oxford Handbook of Compounding},
  title     = {{R}omance: {F}rench},
  editor    = {Lieber, Rochelle and {\v{S}}tekauer, Pavol},
  pages     = {417--435},
  publisher = {{Oxford University Press}},
  year      = {2009},
}

@Article{gagne1996influence,
  author    = {Gagn{\'e}, Christina L and Murphy, Gregory L},
  title     = {Influence of discourse context on feature availability in conceptual combination},
  number    = {1},
  pages     = {79--101},
  volume    = {22},
  journal   = {Discourse Processes},
  publisher = {Taylor \& Francis},
  year      = {1996},
}

@Article{larson:88,
  author  = {Richard K.\ Larson},
  title   = {On the double object construction},
  pages   = {335--391},
  volume  = {19:3},
  journal = {Linguistic Inquiry},
  year    = {1988},
}

@Article{Libben:2003,
  author  = {Gary Libben and Martha Gibson and Yeo Bom Yoon, and Dominiek Sandra},
  title   = {Compound Fracture: {T}he Role of Semantic Transparency and Morphological Headedness},
  pages   = {50--64},
  volume  = {84},
  journal = {Brain and Language},
  year    = {2003},
}

@Article{Mitchell:2010,
  author  = {Jeff Mitchell and Mirella Lapata},
  title   = {Composition in Distributional Models of Semantics},
  number  = {8},
  pages   = {1388--1429},
  volume  = {34},
  ids     = {mitchell2010,Mitchell/Lapata:10},
  journal = {Cognitive Science},
  year    = {2010},
}

@Article{clark1989contributing,
  author    = {Clark, Herbert H and Schaefer, Edward F},
  title     = {Contributing to discourse},
  number    = {2},
  pages     = {259--294},
  volume    = {13},
  journal   = {Cognitive Science},
  publisher = {Wiley Online Library},
  year      = {1989},
}

@Article{Gibbs/Colston:95,
  author  = {Raymond W. Gibbs and Herberg L. Colston},
  title   = {The Cognitive Psychological Reality of Image Schemas and their Transformations},
  number  = {4},
  pages   = {347--378},
  volume  = {6},
  journal = {Cognitive Linguistics},
  year    = {1995},
}

@Article{spalding2014relational,
  author    = {Spalding, Thomas L and Gagn{\'e}, Christina L},
  title     = {Relational diversity affects ease of processing even for opaque {E}nglish compounds},
  number    = {1},
  pages     = {48--66},
  volume    = {9},
  journal   = {The Mental Lexicon},
  publisher = {Amsterdam: John Benjamins},
  year      = {2014},
}

@Article{gibbs:1989,
  author    = {Gibbs Jr, Raymond W. and Nayak, Nandini P.},
  title     = {Psycholinguistic studies on the syntactic behavior of idioms},
  number    = {1},
  pages     = {100--138},
  volume    = {21},
  journal   = {Cognitive Psychology},
  publisher = {Elsevier},
  year      = {1989},
}

@Article{tarenskeen2015overspecification,
  author  = {Tarenskeen, Sammie and Broersma, Mirjam and Geurts, Bart},
  title   = {Overspecification of color, pattern, and size: {S}alience, absoluteness, and consistency},
  pages   = {1703},
  volume  = {6},
  journal = {Frontiers in Psychology},
  year    = {2015},
}

@Article{FazlyEtAl:09,
  author  = {Afsaneh Fazly and Paul Cook and Suzanne Stevenson},
  title   = {Unsupervised Type and Token Identification of Idiomatic Expressions},
  number  = {1},
  pages   = {61--103},
  volume  = {35},
  journal = {Computational Linguistics},
  year    = {2009},
}

@Article{gibbs:1980,
  author    = {Gibbs Jr, Raymond W.},
  title     = {Spilling the beans on understanding and memory for idioms in conversation},
  number    = {2},
  pages     = {149--156},
  volume    = {8},
  journal   = {Memory \& Cognition},
  publisher = {Springer},
  year      = {1980},
}

@Article{CoeckeEtAl:11,
  author  = {Bob Coecke and Mehrnoosh Sadrzadeh and Stephen Clark},
  title   = {Mathematical Foundations for a Compositional Distributional Model of Meaning},
  number  = {1-4},
  pages   = {345--384},
  volume  = {36},
  journal = {Linguistic Analysis},
  year    = {2011},
}

@Book{Koevecses:02,
  author    = {Zolzan K\"ovecses},
  title     = {Metaphor: {A} Practical Introduction},
  publisher = {Oxford University Press},
  address   = {New York},
  year      = {2002},
}

@Article{jarema1999processing,
  author    = {Jarema, Gonia and Busson, C{\'e}line and Nikolova, Rossitza and Tsapkini, Kyrana and Libben, Gary},
  title     = {Processing compounds: {A} cross-linguistic study},
  number    = {1-2},
  pages     = {362--369},
  volume    = {68},
  journal   = {Brain and Language},
  publisher = {Elsevier},
  year      = {1999},
}

@Article{Gibbs:80,
  author  = {Raymond W. {Gibbs Jr.}},
  title   = {Spilling the Beans on Understanding and Memory for Idioms in Conversation},
  pages   = {149--156},
  volume  = {8},
  journal = {Memory and Cognition},
  year    = {1980},
}

@Article{koolen2016distractor,
  author    = {Koolen, Ruud and Krahmer, Emiel and Swerts, Marc},
  title     = {How distractor objects trigger referential overspecification: {T}esting the effects of visual clutter and distractor distance},
  number    = {7},
  pages     = {1617--1647},
  volume    = {40},
  journal   = {Cognitive Science},
  publisher = {Wiley Online Library},
  year      = {2016},
}

@Article{pado2007,
  author  = {Sebastian Pad\'o and Mirella Lapata},
  title   = {Dependency-based construction of semantic space models},
  number  = {2},
  pages   = {161--199},
  volume  = {33},
  ids     = {Pado/Lapata:07},
  journal = {Computational Linguistics},
  year    = {2007},
}

@Article{RastleNew2004,
  author  = {Rastle, Kathleen and Davis, Matthew H. and New, Boris},
  title   = {The broth in my brother's brothel: {{M}}orpho-orthographic segmentation in visual word recognition},
  pages   = {1090--1098},
  volume  = {11},
  journal = {Psychonomic Bulletin \& Review},
  year    = {2004},
}

@InCollection{chomsky:70,
  author    = {Noam Chomsky},
  booktitle = {Readings in {E}nglish transformational grammar},
  title     = {Remarks on nominalization},
  editor    = {Roderick A.\ Jacobs and Peter S.\ Rosenbaum},
  pages     = {184–-221},
  publisher = {Waltham, MA: Ginn},
  year      = {1970},
}

@InProceedings{Napoles:12,
  author    = {Napoles, Courtney and Gormley, Matthew and Van Durme, Benjamin},
  booktitle = {Proceedings of the Joint Workshop on Automatic Knowledge Base Construction and Web-scale Knowledge Extraction},
  title     = {Annotated Gigaword},
  location  = {Montreal, Canada},
  pages     = {95--100},
  address   = {Stroudsburg, PA, USA},
  year      = {2012},
}

@Article{Gagne:1997,
  author  = {Gagn{\'e}, Christina and Shoben, Edward},
  title   = {The influence of thematic relations on the comprehension of modifier-noun combinations},
  number  = {1},
  pages   = {71--87},
  volume  = {23},
  ids     = {GirjuEtAl:GirjuEtAl:05},
  journal = {Journal of Experimental Psychology: Learning, Memory, and Cognition},
  year    = {1997},
}

@InCollection{fabb1998,
  author    = {Fabb, Nigel},
  booktitle = {Handbook of Morphology},
  title     = {Compounding},
  editor    = {Spencer, A and Zwicky, A M},
  pages     = {66--83},
  publisher = {Blackwell},
  address   = {Oxford},
  owner     = {Sandro},
  timestamp = {2015.02.26},
  year      = {1998},
}

@Article{koolen2013effect,
  author    = {Koolen, Ruud and Goudbeek, Martijn and Krahmer, Emiel},
  title     = {The effect of scene variation on the redundant use of color in definite reference},
  number    = {2},
  pages     = {395--411},
  volume    = {37},
  journal   = {Cognitive Science},
  publisher = {Wiley Online Library},
  year      = {2013},
}

@InProceedings{fares2018transfer,
  author    = {Fares, Murhaf and Oepen, Stephan and Velldal, Erik},
  booktitle = {{Proceedings of the 2018 Conference on Empirical Methods in Natural Language Processing}},
  title     = {Transfer and Multi-Task Learning for Noun--Noun Compound Interpretation},
  pages     = {1488--1498},
  year      = {2018},
}

@Book{Lang:1991,
  author    = {Lang, J{\"u}rgen},
  title     = {Die franz{\"o}sische {P}r{\"a}position: {F}unktion und {B}edeutung},
  publisher = {{Carl Winter Universit{\"a}tsverlag}},
  series    = {Beitr{\"a}ge zur Literatur-, Sprach- und Medienwissenschaft},
  volume    = {95},
  address   = {Heidelberg},
  year      = {1991},
}

@InProceedings{Cook/Stevenson:06,
  author    = {Paul Cook and Suzanne Stevenson},
  booktitle = {{Proceedings of the ACL/COLING Workshop on Multiword Expressions: Identifying and Exploiting Underlying Properties}},
  title     = {Classifying Particle Semantics in {E}nglish Verb-Particle Constructions},
  pages     = {45--53},
  address   = {Sydney, Australia},
  year      = {2006},
}

@Article{landauer1997,
  author    = {Landauer, Thomas K and Dumais, Susan T},
  title     = {{A solution to Plato's problem: The latent semantic analysis theory of acquisition, induction, and representation of knowledge.}},
  number    = {2},
  pages     = {211},
  volume    = {104},
  journal   = {Psychological Review},
  publisher = {American Psychological Association},
  year      = {1997},
}

@Article{BowersHanley2005,
  author  = {Bowers, Jeffrey and Davis, Colin and Hanley, Derek A.},
  title   = {Automatic semantic activation of embedded words: {I}s there a `hat' in `that'?},
  pages   = {131--143},
  volume  = {52},
  journal = {Journal of Memory and Language},
  year    = {2005},
}

@InProceedings{guevara2010,
  author       = {Guevara, Emiliano},
  booktitle    = {{Proceedings of the 2010 Workshop on GEometrical Models of Natural Language Semantics}},
  title        = {A regression model of adjective-noun compositionality in distributional semantics},
  organization = {Association for Computational Linguistics},
  pages        = {33--37},
  address      = {Uppsala, Sweden},
  ids          = {Guevara:10},
  year         = {2010},
}

@Book{Bloomfield1933,
  author    = {Bloomfield, L.},
  title     = {Language},
  isbn      = {9780226060675},
  publisher = {University of Chicago Press},
  lccn      = {84008439},
  owner     = {Sandro},
  timestamp = {2015.02.26},
  year      = {1933},
}

@InProceedings{dima2016compositionality,
  author    = {Dima, Corina},
  booktitle = {{Proceedings of the 1st Workshop on Representation Learning for NLP}},
  title     = {On the Compositionality and Semantic Interpretation of {E}nglish Noun Compounds},
  pages     = {27--39},
  year      = {2016},
}

@InCollection{bauerOHC,
  author    = {Bauer, Laurie},
  booktitle = {The {O}xford Handbook of Compounding},
  title     = {Typology of compounds},
  chapter   = {17},
  editor    = {Lieber, Rochelle and Štekauer, Pavol},
  pages     = {343--356},
  publisher = {Oxford University Press},
  address   = {New York},
  owner     = {Sandro},
  timestamp = {2015.02.23},
  year      = {2009},
}

@InProceedings{hamp:97,
  author    = {Birgit Hamp and Helmut Feldweg},
  booktitle = {Proceedings of {ACL} workshop Automatic Information Extraction and Building of Lexical Semantic Resources for {NLP} Applications},
  title     = {{GermaNet} - {A} Lexical-Semantic Net for {G}erman},
  pages     = {9--15},
  address   = {Madrid, Spain},
  year      = {1997},
}

@InCollection{markman1997creation,
  author    = {Markman, Arthur B and Yamauchi, Takashi and Makin, Valerie S},
  booktitle = {Conceptual Structures and Processes: Emergence, Discovery, and Change},
  title     = {The creation of new concepts: {A} multifaceted approach to category learning.},
  editor    = {TB Ward and SM Smith and J Vaid},
  pages     = {174--208},
  publisher = {American Psychological Association},
  address   = {Washington, DC},
  year      = {1997},
}

@Article{SmolkaEtAl:14,
  author  = {Eva Smolka and Katrin H. Preller and Carsten Eulitz},
  title   = {`{V}erstehen' (`understand') primes `stehen' (`stand'): {M}orphological Structure overrides Semantic Compositionality in the Lexical Representation of {G}erman Complex Verbs},
  pages   = {16--36},
  volume  = {72},
  ids     = {smolka:2014},
  journal = {Journal of Memory and Language},
  year    = {2014},
}

@Article{SmolkaEtAl:15,
  author  = {Eva Smolka and Matthias Gondan and Frank R\"osler},
  title   = {Take a Stand on Understanding: {E}lectrophysiological Evidence for Stem Access in {G}erman Complex Verbs},
  doi     = {10.3389/fnhum.2015.00062},
  number  = {62},
  volume  = {9},
  ids     = {smolka:2015},
  journal = {Frontiers in Human Neuroscience},
  year    = {2015},
}

@Article{pechmann1989incremental,
  author    = {Pechmann, Thomas},
  title     = {Incremental speech production and referential overspecification},
  number    = {1},
  pages     = {89--110},
  volume    = {27},
  journal   = {Linguistics},
  publisher = {Walter de Gruyter, Berlin/New York},
  year      = {1989},
}

@Book{Firth:57,
  author    = {John R. Firth},
  title     = {Papers in Linguistics 1934--51},
  publisher = {Longmans},
  address   = {London, UK},
  year      = {1957},
}

@Article{BeyersmannGrainger2016,
  author  = {Beyersmann, Elisabeth and Ziegler, Johannes C. and Castles, Anne and Coltheart, Max and Kezilas, Yvette and Grainger, Jonathan},
  title   = {Morpho-orthographic segmentation without semantics},
  number  = {2},
  pages   = {533--539},
  volume  = {23},
  journal = {Psychonomic Bulletin \& Review},
  year    = {2016},
}

@Article{dietterich:98,
  author     = {Dietterich, Thomas G.},
  title      = {Approximate Statistical Tests for Comparing Supervised Classification Learning Algorithms},
  number     = {7},
  pages      = {1895--1923},
  volume     = {10},
  address    = {Cambridge, MA, USA},
  issue_date = {Oct. 1998},
  journal    = {Neural Computation},
  numpages   = {29},
  publisher  = {MIT Press},
  year       = {1998},
}

@Article{frank2012predicting,
  author    = {Frank, Michael C and Goodman, Noah D},
  title     = {Predicting pragmatic reasoning in language games},
  number    = {6084},
  pages     = {998},
  volume    = {336},
  journal   = {Science},
  publisher = {American Association for the Advancement of Science},
  year      = {2012},
}

@Article{cacciari:1988,
  author  = {Cacciari, Cristina and Tabossi, Patrizia},
  title   = {The Comprehension of Idioms},
  number  = {6},
  pages   = {668--683},
  volume  = {27},
  ids     = {Cacciari/Tabossi:88},
  journal = {Memory and Language},
  year    = {1988},
}

@InProceedings{TurneyEtAl:11,
  author    = {Turney, Peter D. and Neuman, Yair and Assaf, Dan and Cohen, Yohai},
  booktitle = {Proceedings of the Conference on Empirical Methods in Natural Language Processing},
  title     = {Literal and Metaphorical Sense Identification through Concrete and Abstract Context},
  pages     = {680--690},
  address   = {Edinburgh, UK},
  year      = {2011},
}

@InCollection{Libbeninpress,
  author    = {Libben, Gary},
  booktitle = {Words: {D}escription, Acquisition, and Pedagogy},
  title     = {Words as action: {C}onsequences for the monolingual and bilingual lexicon},
  editor    = {Alexandra Tsedryk and Christine Doe},
  publisher = {Cambridge Scholars Press},
  year      = {in press},
}

@InProceedings{BaldwinEtAl:03,
  author    = {Timothy Baldwin and Colin Bannard and Takaaki Tanaka and Dominic Widdows},
  booktitle = {{Proceedings of the ACL Workshop on Multiword Expressions: Analysis, Acquisition and Treatment}},
  title     = {An Empirical Model of Multiword Expression Decomposability},
  pages     = {89--96},
  address   = {Sapporo, Japan},
  year      = {2003},
}

@InCollection{gagne2015semantics,
  author    = {Gagn{\'e}, Christina L and Spalding, Thomas L},
  booktitle = {Semantics of Complex Words},
  title     = {Semantics, Concepts, and Meta-cognition: {A}ttributing Properties and Meanings to Complex Concepts},
  editor    = {Laurie Bauer and L{\'i}via K{\"o}rt{\'e}vlyessy and Pavol Štekauer},
  pages     = {9--25},
  publisher = {New York: Springer},
  ids       = {gagne2015},
  year      = {2015},
}

@Article{westerbeek2015stored,
  author  = {Westerbeek, Hans and Koolen, Ruud and Maes, Alfons},
  title   = {Stored object knowledge and the production of referring expressions: {T}he case of color typicality},
  pages   = {935},
  volume  = {6},
  journal = {Frontiers in Psychology},
  year    = {2015},
}

@Article{SmolkaEtAl:18,
  author  = {Eva Smolka and Gary Libben and Wolfgang U. Dressler},
  title   = {When Morphological Structure Overrides Meaning: {E}vidence from {G}erman Prefix and Particle Verbs},
  doi     = {10.1080/23273798.2018.1552006},
  number  = {5},
  pages   = {599--614},
  volume  = {34},
  ids     = {smolka:2018},
  journal = {Language, Cognition and Neuroscience},
  year    = {2018},
}

@Book{Talmy:00,
  author    = {Leonard Talmy},
  title     = {Toward a Cognitive Semantics},
  publisher = {MIT Press},
  volume    = {2},
  address   = {Cambridge},
  year      = {2000},
}

@PhdThesis{Hermann:14,
  author = {Hermann, Karl Moritz},
  title  = {{Distributed representations for compositional semantics}},
  school = {University of Oxford},
  year   = {2014},
}

@Book{lees1960,
  author    = {Lees, Robert B},
  title     = {The Grammar of {E}nglish Nominalizations},
  publisher = {Folklore \& Linguistics. Bloomington: Research Center in Anthropology},
  year      = {1960},
}

@InCollection{gagne2006,
  author    = {Gagn{\'e}, Christina L and Spalding, Thomas L},
  booktitle = {The representation and processing of compound words},
  title     = {{Conceptual combination: Implications for the mental lexicon}},
  chapter   = {7},
  pages     = {145--168},
  publisher = {Oxford University Press Oxford},
  address   = {New York},
  year      = {2006},
}

@Article{gagne2016effects,
  author    = {Gagn{\'e}, Christina L and Spalding, Thomas L},
  title     = {Effects of morphology and semantic transparency on typing latencies in {E}nglish compound and pseudocompound words.},
  number    = {9},
  pages     = {1489--1495},
  volume    = {42},
  journal   = {Journal of Experimental Psychology: Learning, Memory, and Cognition},
  publisher = {American Psychological Association},
  year      = {2016},
}

@Article{WillWeingarten2006,
  author  = {Will, Udo and Nottbusch, Guido and Weingarten, Rüdiger},
  title   = {Linguistic units in word typing: {E}ffects of word presentation modes and typing delay},
  doi     = {10.1075/825wll.9.1},
  pages   = {153–176},
  volume  = {9},
  journal = {Written Language \& Literacy},
  year    = {2006},
}

@InCollection{Rainer:2016,
  author    = {Rainer, Franz},
  booktitle = {Word Formation},
  title     = {Italian},
  editor    = {M{\"u}ller, O. Peter and Ohnheiser, Ingeborg and Olsen, Susan and Rainer, Franz},
  pages     = {2712--2731},
  publisher = {{Mouton de Gruyter}},
  volume    = {4},
  address   = {Berlin and Boston},
  year      = {2016},
}

@Article{brown1958shall,
  author    = {Brown, Roger},
  title     = {How shall a thing be called?},
  number    = {1},
  pages     = {14--21},
  volume    = {65},
  journal   = {Psychological Review},
  publisher = {American Psychological Association},
  year      = {1958},
}

@Article{Holsinger/Kaiser:13,
  author  = {Edward Holsinger and Elsi Kaiser},
  title   = {Processing (non) Compositional Expressions: {M}istakes and Recovery},
  number  = {3},
  pages   = {866},
  volume  = {39},
  journal = {Journal of Experimental Psychology: Learning, Memory, and Cognition},
  year    = {2013},
}

@Article{roeper:siegel:78,
  author  = {Thomas Roeper and Muffy Siegel},
  title   = {A lexical transformation for verbal compounds},
  pages   = {199--260},
  volume  = {9},
  journal = {Linguistic Inquiry},
  year    = {1978},
}

@Article{gagne2000,
  author    = {Gagn{\'e}, Christina L},
  title     = {{Relation-based combinations versus property-based combinations: A test of the CARIN theory and the dual-process theory of conceptual combination}},
  number    = {3},
  pages     = {365--389},
  volume    = {42},
  journal   = {Journal of Memory and Language},
  publisher = {Elsevier},
  year      = {2000},
}

@Article{iordachioaia:alexiadou:pairamidis:17,
  author  = {Gianina Iord\u{a}chioaia and Artemis Alexiadou and Andreas Pairamidis},
  title   = {Morphosyntactic sources for nominal synthetic compounds in {E}nglish and {G}reek},
  pages   = {47--72},
  volume  = {1},
  journal = {Zeitschrift f\"ur Wortbildung/Journal of Word-formation},
  year    = {2017},
}

@Book{celex,
  author    = {Baayen, R Harald and Piepenbrock, Richard and Gulikers, L{\'e}on},
  title     = {{The CELEX lexical database (CD-ROM)}},
  publisher = {Linguistic Data Consortium},
  address   = {University of Pennsylvania, Philadelphia, PA},
  year      = {1995},
}

@InProceedings{Baroni/Zamparelli:10,
  author       = {Baroni, Marco and Zamparelli, Roberto},
  booktitle    = {Proceedings of the Conference on Empirical Methods in Natural Language Processing},
  title        = {Nouns are vectors, adjectives are matrices: {R}epresenting adjective-noun constructions in semantic space},
  location     = {Boston},
  organization = {Association for Computational Linguistics},
  pages        = {1183--1193},
  address      = {Cambridge, MA, USA},
  ids          = {baroni:zamparelli:10,baroni2010},
  year         = {2010},
}

@InProceedings{iordachioaia:toappear,
  author    = {Gianina Iord\u{a}chioaia},
  booktitle = {Proceedings of the 54th Annual Meeting of the {Chicago Linguistic Society}},
  title     = {English deverbal compounds with and without arguments},
  location  = {Chicago},
  year      = {to appear},
}

@Book{Goldberg:2006,
  author    = {Goldberg, Adele},
  title     = {Constructions at work: The nature of generalization in language},
  publisher = {{Oxford University Press}},
  address   = {Oxford},
  year      = {2006},
}

@Book{hasp2002,
  author    = {Haspelmath, Martin},
  title     = {Understanding Morphology},
  publisher = {Edward Arnold},
  address   = {London},
  year      = {2002},
}

@Article{LongtinHalle2003,
  author   = {Longtin, Catherine-Marie and Segui, Juan and Hallé, Pierre},
  title    = {Morphological priming without morphological relationship},
  pages    = {313--334},
  volume   = {18},
  ids      = {LongtinEtAl:03},
  journal  = {Language and Cognitive Processes},
  sortname = {Longtin, Catherine-Marie and Segui, Juan and Halle, P.},
  year     = {2003},
}

@Book{marchand1969,
  author    = {Marchand, Hans},
  title     = {The categories and types of present-day {E}nglish word-formation: {A} synchronic-diachronic approach},
  publisher = {Beck},
  year      = {1969},
}

@Article{SmolkaEtAl:09,
  author  = {Eva Smolka and Sarolta Komlosi and Frank R\"osler},
  title   = {When Semantics means less than Morphology: {T}he Processing of {G}erman Prefixed Verbs},
  number  = {3},
  pages   = {337--375},
  volume  = {24},
  journal = {Language and Cognitive Processes},
  year    = {2009},
}

@Article{brennan1996conceptual,
  author    = {Brennan, Susan E and Clark, Herbert H},
  title     = {Conceptual pacts and lexical choice in conversation.},
  number    = {6},
  pages     = {1482--1493},
  volume    = {22},
  journal   = {Journal of Experimental Psychology: Learning, Memory, and Cognition},
  publisher = {American Psychological Association},
  year      = {1996},
}

@Article{Meunier/Longtin:07,
  author  = {Fanny Meunier and Catherine-Marie Longtin},
  title   = {Morphological Decomposition and Semantic Integration in Word Processing},
  number  = {4},
  pages   = {457--471},
  volume  = {56},
  journal = {Journal of Memory and Language},
  year    = {2007},
}

@Article{rabanus:2008,
  author    = {Rabanus, Stefan and Smolka, Eva and Streb, Judith and R{\"o}sler, Frank},
  title     = {Die mentale {V}erarbeitung von {V}erben in idiomatischen {K}onstruktionen},
  number    = {1},
  pages     = {27--47},
  volume    = {36},
  journal   = {Zeitschrift für Germanistische Linguistik},
  publisher = {Walter de Gruyter},
  year      = {2008},
}

@Book{chomsky:95,
  author    = {Noam Chomsky},
  title     = {The Minimalist Program},
  publisher = {MIT Press},
  address   = {Cambridge, MA},
  year      = {1995},
}

@InCollection{disciullo:92,
  author    = {Anna Maria {Di Sciullo}},
  booktitle = {Thematic Structure: {Its} Role in Grammar},
  title     = {Deverbal compounds and the external argument},
  editor    = {Iggy M. Roca},
  location  = {Berlin},
  pages     = {65--78},
  publisher = {Foris},
  year      = {1992},
}

@Article{gibbs:2002,
  author    = {Gibbs Jr, Raymond W.},
  title     = {A new look at literal meaning in understanding what is said and implicated},
  number    = {4},
  pages     = {457--486},
  volume    = {34},
  journal   = {Journal of Pragmatics},
  publisher = {North-Holland},
  year      = {2002},
}

@Article{montague:70,
  author    = {Montague, Richard},
  title     = {Universal grammar},
  number    = {3},
  pages     = {373--398},
  volume    = {36},
  ids       = {montague1970},
  journal   = {Theoria},
  publisher = {Wiley Online Library},
  year      = {1970},
}

@Article{Gibbs:92,
  author  = {Raymond W. {Gibbs Jr.}},
  title   = {What do Idioms really Mean?},
  pages   = {485--506},
  volume  = {31},
  journal = {Memory and Language},
  year    = {1992},
}

@Book{Lakoff:87,
  author    = {Lakoff, George},
  title     = {Women, Fire and Dangerous Things: {W}hat Categories Reveal About the Mind},
  publisher = {University of Chicago Press},
  address   = {Chicago},
  year      = {1987},
}

@InProceedings{roller2013expected,
  author    = {Roller, Stephen and im Walde, Sabine Schulte and Scheible, Silke},
  booktitle = {{Proceedings of the 9th Workshop on Multiword Expressions}},
  title     = {The (un) expected effects of applying standard cleansing models to human ratings on compositionality},
  pages     = {32--41},
  year      = {2013},
}

@Article{LibbenDerwingdeAlmeida1999,
  author  = {Gary Libben and Bruce L. Derwing and Roberto G. {de Almeida}},
  title   = {Ambiguous novel compounds and models of morphological parsing},
  doi     = {10.1006/brln.1999.2093},
  number  = {1},
  pages   = {378--386},
  volume  = {68},
  ids     = {libben1999},
  journal = {Brain and Language},
  year    = {1999},
}

@Book{levi1978,
  author    = {Judith N. Levi},
  title     = {The syntax and semantics of complex nominals},
  publisher = {Academic Press},
  address   = {New York},
  ids       = {Levi:78,levi1978syntax,levi:78},
  year      = {1978},
}

@InProceedings{Salehi/Cook:13,
  author    = {Bahar Salehi and Paul Cook},
  booktitle = {{Proceedings of the 2nd Joint Conference on Lexical and Computational Semantics}},
  title     = {Predicting the Compositionality of Multiword Expressions Using Translations in Multiple Languages},
  pages     = {266--275},
  address   = {Atlanta, GA, USA},
  year      = {2013},
}

@Article{gagne2011inferential,
  author    = {Gagné, Christina L and Spalding, Thomas L},
  title     = {Inferential processing and meta-knowledge as the bases for property inclusion in combined concepts},
  number    = {2},
  pages     = {176--192},
  volume    = {65},
  ids       = {Gagne/Spalding:11},
  journal   = {Journal of Memory and Language},
  publisher = {Elsevier},
  year      = {2011},
}

@Book{Kamp/Reyle:93,
  author    = {Hans Kamp and Uwe Reyle},
  title     = {From discourse to logic},
  publisher = {Kluwer Academic Publishers},
  year      = {1993},
}

@Article{Guevara:2012,
  author  = {Guevara, Emiliano},
  title   = {Spanish compounds},
  number  = {1},
  pages   = {175--195},
  volume  = {24},
  journal = {Probus. International Journal of Latin and Romance Linguistics},
  year    = {2012},
}

@Misc{FrassinelliEtAl:17,
  author = 	 {Diego Frassinelli and Alla Abrosimova and Sylvia Springorum and Sabine Schulte im Walde},
  title = 	 {Meaning (Mis-)Match in the Directionality of {G}erman Particle Verbs},
  howpublished = {Poster at the 30th Annual CUNY Conference on Human Sentence Processing},
  address =      {Cambridge, MA, USA},
  year = 	 {2017},
}

@misc{Derwing2014,
    author = {Derwing, Bruce L.},
    year = {2014},
    title={The role of suffix strings in the processing of multimorphemic words},
    note = {Invited lecture presented at the Spring Training in Experimental Psycholinguistics in Edmonton, Canada}
}

@Misc{SpringorumEtAl:13c,
  author = 	 {Sylvia Springorum and Sabine {Schulte im Walde} and Antje Ro{\ss}deutscher},
  title = 	 {Sentence Generation and Compositionality of Systematic Neologisms of {G}erman Particle Verbs},
  howpublished = {Talk at the 5th Conference on Quantitative Investigations in Theoretical Linguistics},
  year = 	 {2013},
  address =      {Leuven, Belgium},
}

@misc{baayen:1993,
  title={The {CELEX} Lexical Database (on {CD-ROM})},
  author={Baayen, R. Harald and Piepenbrock, Richard and van Rijn, H.},
  year={1993},
  publisher={Linguistic Data Consortium, University of Pennsylvania},
  address={Philadelphia, PA}
}
