@book{mira1990accessing,
  title={Accessing noun-phrase antecedents},
  author={Ariel, Mira},
  publisher={New York: Routledge},
  year={1990}
}

@article{clark1986referring,
  title={Referring as a collaborative process},
  author={Clark, Herbert H and Wilkes-Gibbs, Deanna},
  journal={Cognition},
  volume={22},
  numer={1},
  pages={1--39},
  year={1986},
  publisher={Elsevier}
}

@article{libben1998semantic,
  title={Semantic transparency in the processing of compounds: {C}onsequences for representation, processing, and impairment},
  author={Libben, Gary},
  journal={Brain and Language},
  volume={61},
  number={1},
  pages={30--44},
  year={1998},
  publisher={Elsevier}
}

@article{arts2011,
  title        = {Overspecification in written instruction},
  author={Arts, Anja and Alfons Maes and Leo G M Noordman and Carel Jansen},
  booktitle    = {Linguistics},
  year         = {2011},
  volume       = {49},
  number       = {3},
  pages        = {555--574},
}

@article{jarema1999processing,
  title={Processing compounds: {A} cross-linguistic study},
  author={Jarema, Gonia and Busson, C{\'e}line and Nikolova, Rossitza and Tsapkini, Kyrana and Libben, Gary},
  journal={Brain and Language},
  volume={68},
  number={1-2},
  pages={362--369},
  year={1999},
  publisher={Elsevier}
}

@article{gagne2016effects,
  title={Effects of morphology and semantic transparency on typing latencies in {E}nglish compound and pseudocompound words.},
  author={Gagn{\'e}, Christina L and Spalding, Thomas L},
  journal={Journal of Experimental Psychology: Learning, Memory, and Cognition},
  volume={42},
  number={9},
  pages={1489--1495},
  year={2016},
  publisher={American Psychological Association}
}

@article{smolka2017can,
  title={‘{C}an you wash off the hogwash?’ -- {S}emantic transparency of first and second constituents in the processing of {G}erman compounds},
  author={Smolka, Eva and Libben, Gary},
  journal={Language, Cognition and Neuroscience},
  volume={32},
  number={4},
  pages={514--531},
  year={2017},
  publisher={Taylor \& Francis}
}

@article{garrod1987saying,
  title={Saying what you mean in dialogue: {A} study in conceptual and semantic co-ordination},
  author={Garrod, Simon and Anderson, Anthony},
  journal={Cognition},
  volume={27},
  number={2},
  pages={181--218},
  year={1987},
}

@article{clark1989contributing,
  title={Contributing to discourse},
  author={Clark, Herbert H and Schaefer, Edward F},
  journal={Cognitive Science},
  volume={13},
  number={2},
  pages={259--294},
  year={1989},
  publisher={Wiley Online Library}
}

@article{brown1958shall,
  title={How shall a thing be called?},
  author={Brown, Roger},
  journal={Psychological Review},
  volume={65},
  number={1},
  pages={14--21},
  year={1958},
  publisher={American Psychological Association}
}

@article{olson1970language,
  title={Language and thought: {A}spects of a cognitive theory of semantics},
  author={Olson, David R},
  journal={Psychological Review},
  volume={77},
  number={4},
  pages={257--258},
  year={1970},
  publisher={American Psychological Association}
}

@article{ferreira2005speakers,
  title={How do speakers avoid ambiguous linguistic expressions?},
  author={Ferreira, Victor S and Slevc, L Robert and Rogers, Erin S},
  journal={Cognition},
  volume={96},
  number={3},
  pages={263--284},
  year={2005},
  publisher={Elsevier}
}

@article{downing1977creation,
  title={On the creation and use of {English} compound nouns},
  author={Downing, Pamela},
  journal={Language},
  volume={53},
  pages={810--842},
  year={1977},
  publisher={JSTOR}
}

@article{brekle1986production,
  title={The production and interpretation of ad hoc nominal compounds in {German}: {A} realistic approach},
  author={Brekle, Herbert E},
  journal={Acta Linguistica Academiae Scientiarum Hungaricae},
  volume={36},
  number={1-4},
  pages={39--52},
  year={1986},
  publisher={JSTOR}
}

@article{brewer1981role,
  title={Role of schemata in memory for places},
  author={Brewer, William F and Treyens, James C},
  journal={Cognitive Psychology},
  volume={13},
  number={2},
  pages={207--230},
  year={1981},
  publisher={Elsevier}
}

@article{tanenhaus1995integration,
  title={Integration of Visual and Linguistic Information in Spoken Language Comprehension},
  author={Tanenhaus, Michael K and Spivey-Knowlton, Michael J and Eberhard, Kathleen M and Sedivy, Julie C},
  journal={Science},
  volume={268},
  number={5217},
  pages={1632--1634},
  year={1995},
  publisher={American Association for the Advancement of Science}
}

@article{frank2012predicting,
  title={Predicting pragmatic reasoning in language games},
  author={Frank, Michael C and Goodman, Noah D},
  journal={Science},
  volume={336},
  number={6084},
  pages={998},
  year={2012},
  publisher={American Association for the Advancement of Science}
}

@incollection{grice1975logic,
  author       = {Grice, H Paul}, 
  title        = {Logic and conversation},
  editor={Peter Cole and Jerry L Morgan},
  booktitle={Syntax and {S}emantics 3: {S}peech {A}cts},
  pages = {41--58},
  publisher    = {New York: Academic Press},
  year         = 1975,
}

@article{pechmann1989incremental,
  title={Incremental speech production and referential overspecification},
  author={Pechmann, Thomas},
  journal={Linguistics},
  volume={27},
  number={1},
  pages={89--110},
  year={1989},
  publisher={Walter de Gruyter, Berlin/New York}
}

@article{sedivy2003pragmatic,
  title={Pragmatic versus form-based accounts of referential contrast: {E}vidence for effects of informativity expectations},
  author={Sedivy, Julie C},
  journal={Journal of Psycholinguistic Research},
  volume={32},
  number={1},
  pages={3--23},
  year={2003},
  publisher={Springer}
}

@article{rubio2016redundant,
  title={How redundant are redundant color adjectives? {An} efficiency-based analysis of color overspecification},
  author={Rubio-Fern{\'a}ndez, Paula},
  journal={Frontiers in Psychology},
  volume={7},
  pages={153},
  year={2016},
}

@article{brennan1996conceptual,
  title={Conceptual pacts and lexical choice in conversation.},
  author={Brennan, Susan E and Clark, Herbert H},
  journal={Journal of Experimental Psychology: Learning, Memory, and Cognition},
  volume={22},
  number={6},
  pages={1482--1493},
  year={1996},
  publisher={American Psychological Association}
}

@article{ibarra2016flexibility,
  title={The flexibility of conceptual pacts: {R}eferring expressions dynamically shift to accommodate new conceptualizations},
  author={Ibarra, Alyssa and Tanenhaus, Michael K},
  journal={Frontiers in Psychology},
  volume={7},
  pages={561},
  year={2016},
}

@article{gagne2004effect,
  title={Effect of discourse context and modifier relation frequency on conceptual combination},
  author={Gagn{\'e}, Christina L and Spalding, Thomas L},
  journal={Journal of Memory and Language},
  volume={50},
  number={4},
  pages={444--455},
  year={2004},
  publisher={Elsevier}
}

@article{maes2004reference,
  title={Reference management in instructive discourse},
  author={Maes, Alfons and Arts, Anja and Noordman, Leo},
  journal={Discourse Processes},
  volume={37},
  number={2},
  pages={117--144},
  year={2004},
  publisher={Taylor \& Francis}
}

@book{levi1978syntax,
  title={The syntax and semantics of complex nominals},
  author={Levi, Judith N},
  year={1978},
  publisher={Academic Press}
}

@article{koolen2013effect,
  title={The effect of scene variation on the redundant use of color in definite reference},
  author={Koolen, Ruud and Goudbeek, Martijn and Krahmer, Emiel},
  journal={Cognitive Science},
  volume={37},
  number={2},
  pages={395--411},
  year={2013},
  publisher={Wiley Online Library}
}

@incollection{prince1992zpg,
  title={The {ZPG} letter: {S}ubjects, Definiteness, and Information-status},
  author={Prince, Ellen F},
  editor={William C Mann and Sandra A Thompson},
  booktitle={Discourse description: Diverse Linguistic Analyses of a Fund-raising Text},
  pages={295--325},
  year={1992},
  publisher={Amsterdam: John Benjamins}
}

@article{gundel1993cognitive,
  title={Cognitive status and the form of referring expressions in discourse},
  author={Gundel, Jeanette K and Hedberg, Nancy and Zacharski, Ron},
  journal={Language},
  volume={69},
  number={2},
  pages={274--307},
  year={1993},
  publisher={JSTOR}
}

@book{chafe1994discourse,
  title={Discourse, consciousness, and time: {The} flow and displacement of conscious experience in speaking and writing},
  author={Chafe, Wallace},
  year={1994},
  publisher={Chicago: University of Chicago Press}
}

@book{clark1983lexicon,
  title={The lexicon in acquisition},
  author={Clark, Eve V},
  year={1983},
  publisher={Cambridge: Cambridge University Press}
}

@book{carstairs2010evolution,
  title={The evolution of morphology},
  author={Carstairs-McCarthy, Andrew},
  year={2010},
  publisher={Oxford: Oxford University Press}
}

@incollection{gagne2015semantics,
  title={Semantics, Concepts, and Meta-cognition: {A}ttributing Properties and Meanings to Complex Concepts},
  author={Gagn{\'e}, Christina L and Spalding, Thomas L},
  editor={Laurie Bauer and L{\'i}via K{\"o}rt{\'e}vlyessy and Pavol \v{S}tekauer},
  booktitle={Semantics of Complex Words},
  pages={9--25},
  year={2015},
  publisher={New York: Springer}
}

@article{jonsson2012modifier,
  title={The modifier effect in within-category induction: {D}efault inheritance in complex noun phrases},
  author={J{\"o}nsson, Martin L and Hampton, James A},
  journal={Language and Cognitive Processes},
  volume={27},
  number={1},
  pages={90--116},
  year={2012},
  publisher={Taylor \& Francis}
}

@article{koolen2016distractor,
  title={How distractor objects trigger referential overspecification: {T}esting the effects of visual clutter and distractor distance},
  author={Koolen, Ruud and Krahmer, Emiel and Swerts, Marc},
  journal={Cognitive Science},
  volume={40},  
  number={7},
  pages={1617--1647},
  year={2016},
  publisher={Wiley Online Library}
}

@article{westerbeek2015stored,
  title={Stored object knowledge and the production of referring expressions: {T}he case of color typicality},
  author={Westerbeek, Hans and Koolen, Ruud and Maes, Alfons},
  journal={Frontiers in Psychology},
  volume={6},
  pages={935},
  year={2015},
}

@book{markman1991categorization,
  title={Categorization and naming in children: {P}roblems of induction},
  author={Markman, Ellen M},
  year={1991},
  publisher={MIT Press},
  address={Cambridge, MA}
}

@article{sedivy2002invoking,
  title={Invoking discourse-based contrast sets and resolving syntactic ambiguities},
  author={Sedivy, Julie C},
  journal={Journal of Memory and Language},
  volume={46},
  number={2},
  pages={341--370},
  year={2002},
  publisher={Academic Press}
}

@incollection{markman1997creation,
  title={The creation of new concepts: {A} multifaceted approach to category learning.},
  author={Markman, Arthur B and Yamauchi, Takashi and Makin, Valerie S},
  editor={TB Ward and SM Smith and J Vaid},
  booktitle={Conceptual Structures and Processes: Emergence, Discovery, and Change},
  pages={174--208},
  year={1997},
  publisher={American Psychological Association},
  address={Washington, DC}
}

@inproceedings{marsh1984computational,
  title={A computational analysis of complex noun phrases in {N}avy messages},
  author={Marsh, Elaine},
  booktitle={Proceedings of the 10th International Conference on Computational Linguistics and 22nd annual meeting on Association for Computational Linguistics},
  pages={505--508},
  year={1984},
  organization={Association for Computational Linguistics}
}

@article{bock1986syntactic,
  title={Syntactic persistence in language production},
  author={Bock, Kathryn},
  journal={Cognitive Psychology},
  volume={18},
  pages={355--387},
  year={1986},
  publisher={Elsevier}
}

@article{bock1990framing,
  title={Framing Sentences},
  author={Bock, Kathryn and Helga Loebell},
  journal={Cognition},
  volume={35},
  number={1},
  pages={1--39},
  year={1990}
}
@article{gagne2011inferential,
  title={Inferential processing and meta-knowledge as the bases for property inclusion in combined concepts},
  author={Gagn{\'e}, Christina L and Spalding, Thomas L},
  journal={Journal of Memory and Language},
  volume={65},
  number={2},
  pages={176--192},
  year={2011},
  publisher={Elsevier}
}

@article{gagne2014subcategorisation,
  title={Subcategorisation, not uncertainty, drives the modification effect},
  author={Gagn{\'e}, Christina L and Spalding, Thomas L},
  journal={Language, Cognition and Neuroscience},
  volume={29},
  number={10},
  pages={1283--1294},
  year={2014},
  publisher={Taylor \& Francis}
}

@article{springer1992feature,
  title={Feature availability in conceptual combination},
  author={Springer, Ken and Murphy, Gregory L},
  journal={Psychological Science},
  volume={3},
  number={2},
  pages={111--117},
  year={1992},
  publisher={SAGE Publications Sage CA: Los Angeles, CA}
}

@article{gagne1996influence,
  title={Influence of discourse context on feature availability in conceptual combination},
  author={Gagn{\'e}, Christina L and Murphy, Gregory L},
  journal={Discourse Processes},
  volume={22},
  number={1},
  pages={79--101},
  year={1996},
  publisher={Taylor \& Francis}
}

@article{connolly2007stereotypes,
  title={Why stereotypes don’t even make good defaults},
  author={Connolly, Andrew C and Fodor, Jerry A and Gleitman, Lila R and Gleitman, Henry},
  journal={Cognition},
  volume={103},
  number={1},
  pages={1--22},
  year={2007},
  publisher={Elsevier}
}

@article{hampton2011modifier,
  title={The modifier effect and property mutability},
  author={Hampton, James A and Passanisi, Alessia and J{\"o}nsson, Martin L},
  journal={Journal of Memory and Language},
  volume={64},
  number={3},
  pages={233--248},
  year={2011},
  publisher={Elsevier}
}

@article{lapata2002disambiguation,
  title={The disambiguation of nominalizations},
  author={Lapata, Maria},
  journal={Computational Linguistics},
  volume={28},
  number={3},
  pages={357--388},
  year={2002},
  publisher={MIT Press}
}

@incollection{copestake2005noun,
  title={Noun compounds revisited},
  author={Copestake, Ann and Briscoe, EJ},
  booktitle={Charting a New Course: {N}atural Language Processing and Information Retrieval},
  volume={16},
  pages={129--154},
  year={2005},
  publisher={Netherlands: Springer}
}

@article{libben2014nature,
  title={The nature of compounds: A psychocentric perspective},
  author={Libben, Gary},
  journal={Cognitive Neuropsychology},
  volume={31},
  number={1-2},
  pages={8--25},
  year={2014},
  publisher={Taylor \& Francis}
}

@article{gagne2006using,
  title={Using conceptual combination research to better understand novel compound words},
  author={Gagn{\'e}, Christina L and Spalding, Thomas L},
  journal={SKASE Journal of Theoretical Linguistics},
  volume={3},
  number={2},
  pages={9--16},
  year={2006},
}

@article{gagne1997influence,
  title={Influence of thematic relations on the comprehension of modifier--noun combinations.},
  author={Gagn{\'e}, Christina L and Shoben, Edward J},
  journal={Journal of Experimental Psychology: Learning, Memory, and Cognition},
  volume={23},
  number={1},
  pages={71--87},
  year={1997},
  publisher={American Psychological Association}
}

@article{spalding2015property,
  title={Property attribution in combined concepts.},
  author={Spalding, Thomas L and Gagn{\'e}, Christina L},
  journal={Journal of Experimental Psychology: Learning, Memory, and Cognition},
  volume={41},
  number={3},
  pages={693--707},
  year={2015},
  publisher={American Psychological Association}
}

@incollection{gagne2014conceptual,
  title={Conceptual composition: {T}he role of relational competition in the comprehension of modifier-noun phrases and noun--noun compounds},
  author={Gagn{\'e}, Christina L and Spalding, Thomas L},
  editor={Brian Ross},
  booktitle={Psychology of {L}earning and {M}otivation},
  volume={59},
  pages={97--130},
  year={2014},
  publisher={New York: Elsevier}
}

@article{gagne2002lexical,
  title={Lexical and relational influences on the processing of novel compounds},
  author={Gagn{\'e}, Christina L},
  journal={Brain and Language},
  volume={81},
  number={1-3},
  pages={723--735},
  year={2002},
  publisher={Elsevier}
}

@article{gagne2009constituent,
  title={Constituent integration during the processing of compound words: {D}oes it involve the use of relational structures?},
  author={Gagn{\'e}, Christina L and Spalding, Thomas L},
  journal={Journal of Memory and Language},
  volume={60},
  number={1},
  pages={20--35},
  year={2009},
  publisher={Elsevier}
}

@article{schmidtke2018conceptual,
  title={Conceptual relations compete during auditory and visual compound word recognition},
  author={Schmidtke, Daniel and Gagn{\'e}, Christina L and Kuperman, Victor and Spalding, Thomas L and Tucker, Benjamin V},
  journal={Language, Cognition and Neuroscience},
  volume={33},
  number={7},
  pages={923--943},
  year={2018},
  publisher={Taylor \& Francis}
}

@article{spalding2014relational,
  title={Relational diversity affects ease of processing even for opaque {E}nglish compounds},
  author={Spalding, Thomas L and Gagn{\'e}, Christina L},
  journal={The Mental Lexicon},
  volume={9},
  number={1},
  pages={48--66},
  year={2014},
  publisher={Amsterdam: John Benjamins}
}

@article{tarenskeen2015overspecification,
  title={Overspecification of color, pattern, and size: {S}alience, absoluteness, and consistency},
  author={Tarenskeen, Sammie and Broersma, Mirjam and Geurts, Bart},
  journal={Frontiers in Psychology},
  volume={6},
  pages={1703},
  year={2015},
}

@article{chang2003can,
  title={Can thematic roles leave traces of their places?},
  author={Chang, Franklin and Bock, Kathryn and Goldberg, Adele E},
  journal={Cognition},
  volume={90},
  number={1},
  pages={29--49},
  year={2003},
  publisher={Elsevier}
}

@article{metzing2003conceptual,
  title={When conceptual pacts are broken: {P}artner-specific effects on the comprehension of referring expressions},
  author={Metzing, Charles and Brennan, Susan E},
  journal={Journal of Memory and Language},
  volume={49},
  number={2},
  pages={201--213},
  year={2003},
  publisher={Elsevier}
}

@article{melinger2005lexically,
  title={Lexically-driven syntactic priming},
  author={Melinger, Alissa and Dobel, Christian},
  journal={Cognition},
  volume={98},
  number={1},
  pages={B11--B20},
  year={2005},
  publisher={Elsevier}
}

@article{cleland2003use,
  title={The use of lexical and syntactic information in language production: {E}vidence from the priming of noun-phrase structure},
  author={Cleland, Alexandra A and Pickering, Martin J},
  journal={Journal of Memory and Language},
  volume={49},
  number={2},
  pages={214--230},
  year={2003},
  publisher={Elsevier}
}
