@Book{borer:13,  
  author =       {Hagit Borer},
  title =        {Taking Form}, 
  publisher =    {Oxford University Press},
  year =         {2013},
  address =      {Oxford}
}

@Book{levi:78,  
  author =       {Judith N.\ Levi},
  title =        {The Syntax and Semantics of Complex Nominals}, 
  publisher =    {Academic Press},
  year =         {1978},
  address =      {New York}
}

@Book{ackema:neeleman:04,  
  author =       {Peter Ackema and Ad Neeleman},
  title =        {Beyond Morphology}, 
  publisher =    {Oxford University Press},
  year =         {2004},
  address =      {Oxford}
}

@Book{grimshaw:90,
  author =       {Jane Grimshaw},
  title =        {Argument Structure}, 
  publisher =    {MIT Press},
  year =         {1990},
  address =      {Cambridge, MA}
}

@Book{chomsky:95,
  author =       {Noam Chomsky},
  title =        {The Minimalist Program}, 
  publisher =    {MIT Press},
  year =         {1995},
  address =      {Cambridge, MA}
}


@Book{selkirk:82,
  author =       {Elisabeth O.\ Selkirk},
  title =        {The Syntax of Words}, 
  publisher =    {MIT Press},
  year =         {1982},
  address =      {Cambridge, MA}
}

@Article{lapata:02,
 author = 	 {Lapata, Mirella},
  title = 	 {The disambiguation of nominalizations},
  journal = {Journal of Computational Linguistics},
  year = 	 {2002},
  volume = 	 {28:3},
  pages = 	 {357--388},
}


@Article{dowty:91,
 author = 	 {David Dowty},
  title = 	 {Thematic Proto-Roles and Argument Selection},
  journal = {Language},
  year = 	 {1991},
  volume = 	 {67:3},
  pages = 	 {547--619},
}

@Article{marelli:baroni:15,
 author = 	 {Marco Marelli and Marco Baroni},
  title = 	 {Affixation in Semantic Space:
{M}odeling Morpheme Meanings with Compositional
Distributional Semantics},
  journal = {Psychological Review},
  year = 	 {2015},
  volume = 	 {122:3},
  pages = 	 {485--515},
}





@Article{grover:lapata:lascarides:05,
 author = 	 {Grover, Claire and Lapata, Mirella and Lascarides, Alex},
  title = 	 {A comparison of parsing technologies for the biomedical domain},
  journal = 	 {Journal of Natural Language Engineering},
  year = 	 {2005},
  volume = 	 {11:01},
  pages = 	 {27--65},
}


@Book{lieber:04,
  author =       {Lieber, Rochelle},
  title =        {Morphology and Lexical Semantics}, 
  publisher =    {Cambridge University Press},
  year =         {2004},
  address =      {Cambridge},
}
@Book{lieber:16,
  author =       {Lieber, Rochelle},
  title =        {English Nouns. {T}he Ecology of Nominalizations}, 
  publisher =    {Cambridge University Press},
  year =         {2016},
  address =      {Cambridge},
}

@Article{roeper:siegel:78,
 author = 	 {Thomas Roeper and Muffy Siegel},
  title = 	 {A lexical transformation for verbal compounds},
  journal = 	 {Linguistic Inquiry},
  year = 	 {1978},
  volume = 	 {9},
  pages = 	 {199--260},
}

@Article{montague:70,
 author = 	 {Richard Montague},
  title = 	 {Universal grammar},
  journal = 	 {Theoria},
  year = 	 {1970},
  volume = 	 {36},
  pages = 	 {373--398},
}

@Article{iordachioaia:alexiadou:pairamidis:17,
 author = 	 {Gianina Iord\u{a}chioaia and Artemis Alexiadou and Andreas Pairamidis},
  title = 	 {Morphosyntactic sources for nominal synthetic compounds in {E}nglish and {G}reek},
  journal = 	 {Zeitschrift f\"ur Wortbildung/Journal of Word-formation},
  year = 	 {2017},
  volume = 	 {1},
  pages = 	 {47--72},
}

@Article{larson:88,
 author = 	 {Richard K.\ Larson},
  title = 	 {On the double object construction},
  journal = 	 {Linguistic Inquiry},
  year = 	 {1988},
  volume = 	 {19:3},
  pages = 	 {335--391},
}


@Article{alexiadou:iordachioaia:soare:10,
 author = 	 {Artemis Alexiadou and Gianina Iord\u{a}chioaia and Elena Soare},
  title = 	 {Number/Aspect Interactions in the Syntax of Nominalizations},
  journal = 	 {Journal of Linguistics},
  year = 	 {2010},
  volume = 	 {46:3},
  pages = 	 {537--574},
}

@inproceedings{Napoles:12,
 author = {Napoles, Courtney and Gormley, Matthew and Van Durme, Benjamin},
 title = {Annotated Gigaword},
 booktitle = {Proceedings of the Joint Workshop on Automatic Knowledge Base Construction and Web-scale Knowledge Extraction},
 year = {2012},
 location = {Montreal, Canada},
 pages = {95--100},
 address = {Stroudsburg, PA, USA},
} 

@inproceedings{NicholsonBaldwin:06,
 author = {Nicholson, Jeremy and Baldwin, Timothy},
 title = {Interpretation of Compound Nominalisations using Corpus and Web Statistics},
 booktitle = {Proceedings of the Workshop on Multiword Expressions: Identifying and Exploiting Underlying Properties},
 year = {2006},
 location = {Montreal, Canada},
 pages = {54--61},
 address = {Sydney, Australia},
} 

@inproceedings{iordachioaia:toappear,
 author = {Gianina Iord\u{a}chioaia},
 title = {English deverbal compounds with and without arguments},
 booktitle = {Proceedings of the 54th Annual Meeting of the Chicago Linguistic Society},
 year = {To appear},
 location = {Chicago},
 pages = {},
} 

@inproceedings{author:et:al:16,
 author = {Iord\u{a}chioaia, Gianina and Lonneke {van der Plas} and Glorianna Jagfeld},
 title = {The Grammar of {E}nglish Deverbal Compounds and their Meaning},
 editor = {Eva Hajicova and Igor Boguslavsky},
 booktitle = {Proceedings of the Workshop on Grammar and Lexicon: Interactions and Interfaces},
 year = {2016},
 pages = {81--91},
 address = {Osaka, Japan},
} 

@inproceedings{baroni:zamparelli:10,
 author = {Marco Baroni and Roberto Zamparelli},
 title = {Nouns are vectors, adjectives are matrices:
{R}epresenting adjective-noun constructions in semantic space},
booktitle = {Proceedings of the 2010 Conference on Empirical Methods in Natural Language Processing},
 year = {2010},
 location = {Boston},
 pages = {},
 address = {MA},
} 

@inproceedings{Gillick:09,
 author = {Gillick, Dan},
 title = {Sentence Boundary Detection and the Problem with the U.S.},
 booktitle = {Proceedings of Human Language Technologies: The 2009 Annual Conference of the North American Chapter of the Association for Computational Linguistics, Companion Volume: Short Papers},
 year = {2009},
 location = {Boulder, Colorado},
 pages = {241--244},
 address = {Stroudsburg, PA, USA},
} 

@article{Weka:09,
 author = {Mark Hall and Eibe Frank and Geoffrey Holmes and Bernhard Pfahringer and Peter Reutemann and Ian H. Witten},
 title = {The {WEKA} Data Mining Software: {A}n Update},
 journal = {SIGKDD Explorations},
 volume = {11(1)},
 year = {2009},
 pages = {10--18},
} 

@inproceedings{Huang:10,
 author = {Huang, Zhongqiang and Harper, Mary and Petrov, Slav},
 title = {Self-training with Products of Latent Variable Grammars},
 booktitle = {Proceedings of the 2010 Conference on Empirical Methods in Natural Language Processing},
 year = {2010},
 location = {Cambridge, Massachusetts},
 pages = {12--22},
 numpages = {11},
 acmid = {1870660},
 address = {Stroudsburg, PA, USA},
} 

@incollection{olsen:15,
author = {Susan Olsen},
title = {Composition},
booktitle = {Word-Formation: An International Handbook of the Languages of Europe},
volume = {I},
publisher = {De Gruyter},
year = {2015},
editor = {Peter O.\ M\"uller and others},
pages =  {364--386}}


@incollection{dowty:07,
author = {David Dowty},
title = {Compositionality as an empirical problem},
booktitle = {Direct Compositionality},
publisher = {Oxford University Press},
year = {2007},
editor = {Chris Barker and {Pauline I.} Jacobson},
pages =  {14--23}}

@incollection{kratzer:96,
author = {Angelika Kratzer},
title = {Severing the external argument from its verb},
booktitle = {Phrase Structure and the Lexicon},
publisher = {Kluwer Academic Publishers},
year = {1996},
editor = {Johan Rooryck and Laurie Zaring},
pages =  {109--137}}

@incollection{disciullo:92,
author = {Anna Maria {Di Sciullo}},
title = {Deverbal compounds and the external argument},
booktitle = {Thematic Structure: Its Role in Grammar},
publisher = {Foris},
location = {Berlin},
year = {1992},
editor = {Iggy M. Roca},
pages =  {65--78}}

@incollection{chomsky:70,
author = {Noam Chomsky},
title = {Remarks on nominalization},
booktitle = {Readings in {E}nglish transformational grammar},
publisher = {Waltham, MA: Ginn},
year = {1970},
editor = {Roderick A.\ Jacobs and Peter S.\ Rosenbaum},
pages =  {184â€“-221}}

@inproceedings{alexiadou:grimshaw:08,
author = {Artemis Alexiadou and Jane Grimshaw},
title = {Verbs, Nouns, and Affixation},
booktitle = {Working Papers of the SFB 732 Incremental Specification in Context},
volume = {1},
publisher = {Universit\"at Stuttgart},
year = {2008},
editor = {Florian Sch\"afer},
pages =  {1--16}}

@inproceedings{partee:84,
author = {Barbara H. Partee},
title = {Compositionality},
booktitle = {Varieties  of Formal Semantics:  Proceedings of the 4th Amsterdam Colloquium},
publisher = {Foris Publications},
location = {Dordrecht},
year = {1984},
editor = {Fred Landman and Frank Veltman},
pages =  {281--311}}


@inproceedings{grimm:mcnally:13,
author = {Scott Grimm and Louise McNally},
title = {No ordered arguments needed for nouns},
booktitle = {Proceedings of the 19th Amsterdam Colloquium},
publisher = {Institute for Logic, Language and Computation, University of Amsterdam},
year = {2013},
editor = {Maria Aloni and Michael Franke and Floris Roelofsen},
pages =  {123--130}}

@mathesis{fokkens:07,
author = {Antske Sibelle Fokkens},
title = {A Hybrid Approach to Compound Noun Disambiguation. {MA}-Thesis. {Universit\"at des Saarladens, Saarbr\"ucken}},
year = {2007}}

@techreport{Santorini:93,
  address = {Philadelphia, PA, USA},
  author = {Santorini, Beatrice},
  institution = {Department of Linguistics, University of Pennsylvania},
  interhash = {01285124630b2d55444f38a417c942f2},
  intrahash = {36301f1d1f94886900d1931f495a342c},
  keywords = {nlp parsing penn},
  timestamp = {2008-05-16T13:24:54.000+0200},
  title = {{Part-Of-Speech} Tagging Guidelines for the {Penn Treebank} Project (3rd revision, 2nd printing)},
  year = 1990
}

@MISC{Marneffe:08,
    author = {{d}e Marneffe, Marie-Catherine  and Manning, Christopher D.},
    title = {Stanford typed dependencies manual},
    year = {2008}
}

@book{fellbaum:98,
  editor = {Fellbaum, Christiane},
  keywords = {WordNet wordnet},
  publisher = {MIT Press},
  timestamp = {2007-10-30T23:31:40.000+0100},
  title = {{WordNet: An electronic lexical database}},
  year = 1998
}

@INPROCEEDINGS{hamp:97,
    author = {Birgit Hamp and Helmut Feldweg},
    title = {{GermaNet - a Lexical-Semantic Net for {G}erman}},
    booktitle = {Proceedings of ACL workshop Automatic Information Extraction and Building of Lexical Semantic Resources for NLP Applications},
    year = {1997},
    pages = {9--15}
}

@InProceedings{heinrich:10,
  author = {Verena Henrich and Erhard Hinrichs},
  title = {{GernEdiT - The {G}ermaNet Editing Tool}},
  booktitle = {Proceedings of the 7th International Conference on Language Resources and Evaluation},
  year = {2010},
  address = {Valletta, Malta},
  editor = {Nicoletta Calzolari (Conference Chair) and Khalid Choukri and Bente Maegaard and Joseph Mariani and Jan Odijk and Stelios Piperidis and Mike Rosner and Daniel Tapias},
 } 
 
 @article{dietterich:98,
 author = {Dietterich, Thomas G.},
 title = {Approximate Statistical Tests for Comparing Supervised Classification Learning Algorithms},
 journal = {Neural Computation},
 issue_date = {Oct. 1998},
 volume = {10},
 number = {7},
 year = {1998},
 pages = {1895--1923},
 numpages = {29},
 publisher = {MIT Press},
 address = {Cambridge, MA, USA},
}

@TechReport{OSeaghdha:2008,
	author =	 {{\'O} S{\'e}aghdha, Diarmuid},
	title = 	 {{Learning Compound Noun Semantics}},
	year = 	 {2008},
	institution =  {University of Cambridge, Computer Laboratory},
	number = 	 {UCAM-CL-TR-735},
    }

@InProceedings{Reddy:2011,
  author = {Siva Reddy and Diana McCarthy and Suresh Manandhar},
  title = {An Empirical Study on Compositionality in Compound Nouns},
  booktitle = {Proceedings of the 5th International Joint Conference on Natural Language Processing},
  year = {2011},
  } 
 
 
@InProceedings{SchulteImWaldeEtAl:16a,
  author = 	 {Sabine {Schulte im Walde} and Anna H\"atty and Stefan Bott and Nana Khvtisavrishvili},
  title = 	 {G$_h$ost-NN: {A} Representative Gold Standard of {G}erman Noun-Noun Compounds},
  booktitle =    {Proceedings of the 10th International Conference on Language Resources and Evaluation},
  year = 	 {2016},
  pages = 	 {2285--2292},
  address = 	 {Portoroz, Slovenia},
}


@InProceedings{SchulteImWaldeEtAl:16,
  author    = {{Schulte im Walde}, Sabine  and  H\"{a}tty, Anna  and  Bott, Stefan},
  title     = {The Role of Modifier and Head Properties in Predicting the Compositionality of {E}nglish and {G}erman Noun-Noun Compounds: {A} Vector-Space Perspective},
  booktitle = {Proceedings of the 5th Joint Conference on Lexical and Computational Semantics},
  year      = {2016},
  address   = {Berlin, Germany},
  pages     = {148--158},
}

@article{Zwitserlood:1994,
 author = {Pienie Zwitserlood},
 title = {The Role of Semantic Transparency in the Processing and Representation of {D}utch Compounds},
 journal = {Language and Cognitive Processes},
 volume = {9},
 year = {1994},
 pages = {341--368},
}

@TechReport{Libben:1997,
	author =	 {Gary Libben and Martha Gibson and Yeo Bom Yoon, and Dominiek Sandra},
	title = 	 {Semantic Transparency and Compound Fracture},
	year = 	 {1997},
	institution =  {CLASNET Working Papers},
	number = 	 {9},
    }

@article{Libben:2003,
 author = {Gary Libben and Martha Gibson and Yeo Bom Yoon, and Dominiek Sandra},
 title = {Compound Fracture: {T}he Role of Semantic Transparency and Morphological Headedness},
 journal = {Brain and Language},
 volume = {84},
 year = {2003},
 pages = {50--64},
}

@article{Mitchell:2010,
 author = {Jeff Mitchell and Mirella Lapata},
 title = {Composition in Distributional Models of Semantics},
 journal = {Cognitive Science},
 volume = {34},
 year = {2010},
 pages = {1388--1429},
}


@inproceedings{NOMLEX:98,
 author = {Catherine Macleod and Ralph Grishman and Adam Meyers and Leslie Barrett, and Ruth Reeves},
 title = {{NOMLEX: A} Lexicon of Nominalizations},
 booktitle = {Proceedings of {EURALEX}},
 year = {1998},
}


@article{VanHeuven:2014,
 author = {Walter J. B. van Heuven and Pawel Mandera and Emmanuel Keuleers, and Marc Brysbaert},
 title = {{SUBTLEX-UK: A} new and improved word frequency database for {B}ritish {E}nglish},
 journal = {Journal of Experimental Psychology},
 volume = {67(6)},
 year = {2014},
 pages = {1176--1190},
}

@article{Juhaszetal:2015,
 author = {{Barbara J.} Juhasz and Yun-Hsuan Lai and {Michelle L.} Woodcock},
 title = {A database of 629 {E}nglish compound words: {R}atings of familiarity, lexeme meaning dominance, semantic transparency, age of acquisition, imageability, and sensory experience},
 journal = {Behavior Research Methods},
 volume = {47},
 year = {2015},
 pages = {1004--1019},
}
