% This file was created with Citavi 5.6.0.2

@article{Anscombre:1990,
 author = {Anscombre, Jean-Claude},
 year = {1990},
 title = {Pourquoi un moulin {\`a} vent n'est pas un ventilateur},
 pages = {103--125},
 volume = {86},
 journal = {Langue fran{\c{c}}aise}
}


@incollection{Bartning:1993,
 author = {Bartning, Inge},
 title = {La pr{\'e}position 'de' et les interpr{\'e}tations possibles des syntagmes nominaux complexes: Essai d'approche cognitive},
 pages = {163--191},
 volume = {11},
 publisher = {{Presse Universitaires de Lille}},
 series = {Lexique},
 editor = {Berthonneau, Anne-Marie and Cadiot, Pierre},
 booktitle = {Les pr{\'e}positions: m{\'e}thodes d'analyse},
 year = {1993},
 address = {Lille}
}

@article{Bell:2016,
 author = {Bell, Melanie and Schäfer, Martin},
 year = {2016},
 title = {Modelling semantic transparency},
 pages = {157-199},
 number = {26},
 journal = {Morphology}
}


@incollection{Benveniste:1974,
 author = {Benveniste, {\'E}mile},
 title = {Formes nouvelles de la composition nominale},
 pages = {163--176},
 volume = {2},
 publisher = {Gallimard},
 series = {Biblioth{\`e}que des sciences humaines},
 editor = {Benveniste, {\'E}mile},
 booktitle = {Probl{\`e}mes de linguistique g{\'e}n{\'e}rale},
 year = {1974},
 address = {Paris}
}


@book{Benveniste:1974b,
 year = {1974},
 title = {Probl{\`e}mes de linguistique g{\'e}n{\'e}rale},
 address = {Paris},
 publisher = {Gallimard},
 series = {Biblioth{\`e}que des sciences humaines},
 editor = {Benveniste, {\'E}mile}
}


@book{Berthonneau:1993,
 year = {1993},
 title = {Les pr{\'e}positions: m{\'e}thodes d'analyse},
 address = {Lille},
 publisher = {{Presse Universitaires de Lille}},
 series = {Lexique},
 editor = {Berthonneau, Anne-Marie and Cadiot, Pierre}
}



@proceedings{Booij:2007,
 year = {2007},
 title = {Morphology and Dialectology},
 editor = {Booij, Geert and Ralli, Angela and Scalise, Sergio}
}


@incollection{Booij:2010,
 author = {Booij, Geert},
 title = {Compound construction: Schemas or analogy? A construction morpgology perspective},
 pages = {93--109},
 volume = {311},
 series = {Current Issues in Linguistic Theory},
 editor = {Scalise, Sergio and Vogel, Irene},
 booktitle = {Cross-disciplinary issues in compounding},
 year = {2010}
}


@incollection{Booij:2015,
 author = {Booij, Geert},
 title = {Word-formation in construction grammar},
 pages = {188--202},
 volume = {1},
 publisher = {{Mouton de Gruyter}},
 editor = {M{\"u}ller, O. Peter and Ohnheiser, Ingeborg and Olsen, Susan and Rainer, Franz},
 booktitle = {Word Formation},
 year = {2015},
 address = {Berlin and Boston}
}


@article{Bosredon:1991,
 author = {Bosredon, Bernard and Tamba, Ir{\`e}ne},
 year = {1991},
 title = {Verre {\`a} pied, moule {\`a} gaufres: Pr{\'e}position et noms compos{\'e}s de sous-classe},
 pages = {40--55},
 number = {91},
 journal = {Langue fran{\c{c}}aise}
}

@book{BuenafuentesdelaMata:2010,
 author = {{Buenafuentes de la Mata}, Cristina},
 year = {2010},
 title = {La composici{\'o}n sintagm{\'a}tica en espa{\~n}ol},
 address = {Espa{\~n}a},
 volume = {7},
 publisher = {Cilengua},
 series = {Instituto histororia de la lengua. Monograf{\'i}as}
}


@book{BustosGisbert:1986,
 author = {de {Bustos Gisbert}, Eugenio},
 year = {1986},
 title = {La composici{\'o}n nominal en espa{\~n}ol},
 address = {Salamanca},
 publisher = {{Universisad de Salamanca}}
}



@incollection{Cadiot:1993,
 author = {Cadiot, Pierre},
 title = {{\`A} centre deux noms: Vers la composition nominale},
 pages = {193--240},
 volume = {11},
 publisher = {{Presse Universitaires de Lille}},
 series = {Lexique},
 editor = {Berthonneau, Anne-Marie and Cadiot, Pierre},
 booktitle = {Les pr{\'e}positions: m{\'e}thodes d'analyse},
 year = {1993},
 address = {Lille}
}



@book{Cadiot:1997,
 author = {Cadiot, Pierre},
 year = {1997},
 title = {Les pr{\'e}positions abstraites en fran{\c{c}}ais},
 address = {Paris},
 publisher = {{Armand Colin/ Masson}},
 series = {Linguistique}
}


@book{Demonte:1999,
 year = {1999},
 title = {Gram{\'a}tica descriptiva de la lengua espanola},
 address = {Barcelona},
 publisher = {{Espasa Calpe}},
 editor = {Demonte, Violeta and Bosque, Ignacio}
}



@book{DiSciullo:1987,
 author = {{Di Sciullo}, Anne-Marie and Williams, Edwin},
 year = {1987},
 title = {On the definition of word},
 address = {Cambridge, MA},
 volume = {14},
 series = {Linguistic inquiry. Monographs}
}


@incollection{Fradin:2009,
 author = {Fradin, Bernhard},
 title = {{R}omance: {F}rench},
 pages = {417--435},
 publisher = {{Oxford University Press}},
 editor = {Lieber, Rochelle and {\v{S}}tekauer, Pavol},
 booktitle = {The Oxford Handbook of Compounding},
 year = {2009}
}


@article{Gagne:2009,
 author = {Gagn{\'e}, Christina and Spalding, Thomas},
 year = {2009},
 title = {Constituent integration during the processing of compound words: Does it involve the use of relational structures?},
 pages = {20--35},
 number = {60},
 journal = {Journal of Memory and Language}
}


@article{Gagne:1997,
 author = {Gagn{\'e}, Christina and Shoben, Edward},
 year = {1997},
 title = {The influence of thematic relations on the comprehension of modifier-noun combinations},
 pages = {71--87},
 number = {23},
 journal = {Journal of Experimental Psychology: Learning, Memory, and Cognition}
}


@article{Girju:2005,
 author = {Girju, Roxana and Moldovan, Dan and Tatu, Marta and Antohe, Daniel},
 year = {2005},
 title = {On the Semantics of Noun Compounds},
 pages = {479--496},
 volume = {19},
 number = {4},
 journal = {Journal of Computer Speech and Language -- Special Issue on Multiword Expressions,}
}


@book{Goldberg:1995,
 author = {Goldberg, Adele },
 year = {1995},
 title = {Constructions: A construction grammar approach to argument structure},
 address = {Chicago/ London},
 publisher = {{The University of Chicago Press}}
}


@book{Goldberg:2006,
 author = {Goldberg, Adele },
 year = {2006},
 title = {Constructions at work: The nature of generalization in language},
 address = {Oxford},
 publisher = {{Oxford University Press}}
}


@article{Guevara:2012,
 author = {Guevara, Emiliano },
 year = {2012},
 title = {Spanish compounds},
 pages = {175--195},
 volume = {24},
 number = {1},
 journal = {Probus. International Journal of Latin and Romance Linguistics}
}



@article{Hennecke:2017,
 author = {Hennecke, Inga and Baayen, R. Harald},
 year = {2017},
 title = {A quantitative survey of {N} {P}rep {N} constructions in Romance languages and prepositional variability},
 pages = {129--146},
 volume = {22},
 journal = {Quaderns de Filologia: Estudis Ling{\"u}{\'i}stics}
}


@incollection{Kornfeld:2009,
 author = {Kornfeld, Laura Malena},
 title = {{R}omance: {S}panish},
 pages = {436--453},
 publisher = {{Oxford University Press}},
 editor = {Lieber, Rochelle and {\v{S}}tekauer, Pavol},
 booktitle = {The Oxford Handbook of Compounding},
 year = {2009}
}



@misc{LaBuenafuentesdeMata:2006,
 author = {{La Buenafuentes de Mata}, Cristina},
 year = {2006},
 title = {Entre la morfolog{\'i}a, la sintaxis y el l{\'e}xico: La delimitaci{\`o}n de la composici{\'o}n sintagm{\'a}tica en espanol: VII Congr{\'e}s de Ling{\"u}{\'i}stica General},
 address = {Barcelona},
 publisher = {{Universidad de Barcelona}}
}


@phdthesis{LaBuenafuentesdeMata:2007,
 author = {{La Buenafuentes de Mata}, Cristina},
 year = {2007},
 title = {Procesos de gramaticalizaci{\'o}n y lexicalizaci{\'o}n en la formcai{\'o}n de compuestos enspanol},
 school = {{Universidad Aut{\'o}noma de Barcelona}},
 type = {Doktorthesis}
}




@book{Lang:1991,
 author = {Lang, J{\"u}rgen},
 year = {1991},
 title = {Die franz{\"o}sische {P}r{\"a}position: {F}unktion und {B}edeutung},
 address = {Heidelberg},
 volume = {95},
 publisher = {{Carl Winter Universit{\"a}tsverlag}},
 series = {Beitr{\"a}ge zur Literatur-, Sprach- und Medienwissenschaft}
}



@book{Laumann:1998,
 author = {Laumann, Ferdinand},
 year = {1998},
 title = {Franz{\"o}sische {N}ominalkomposita mit {P}r{\"a}position: Eine {U}ntersuchung aufgrund der naturwissenschaftlich-technischen {F}achsprache},
 address = {M{\"u}nster},
 volume = {5},
 publisher = {Lit},
 series = {Studien zur Linguisitk}
}



@book{Lieber:2009,
 year = {2009},
 title = {The Oxford Handbook of Compounding},
 publisher = {{Oxford University Press}},
 editor = {Lieber, Rochelle and {\v{S}}tekauer, Pavol}
}



@book{Lopez:1970,
 author = {L{\'o}pez, Maria Luisa},
 year = {1970},
 title = {Problemas y m{\'e}todos en el an{\'a}lisis de preposiciones},
 address = {Madrid},
 publisher = {Gredos}
}


@inproceedings{Masini:2007,
 author = {Masini, Francesca and Thornton, Anna},
 title = {Italian {V}e{V} lexical constructions},
 pages = {148--189},
 editor = {Booij, Geert and Ralli, Angela and Scalise, Sergio},
 booktitle = {Morphology and Dialectology},
 year = {2007}
}


@article{Masini:2009,
 author = {Masini, Francesca},
 year = {2009},
 title = {Phrasal lexemes, compounds and phrases: A construcionist perspective},
 pages = {254--271},
 volume = {2},
 number = {2},
 journal = {Word Structure}
}


@article{Masini:2012,
 author = {Masini, Francesca and Scalise, Sergio},
 year = {2012},
 title = {Italian compounds},
 pages = {61--91},
 volume = {24},
 number = {1},
 journal = {Probus. International Journal of Latin and Romance Linguistics}
}



@book{Moyna:2011,
 author = {Moyna, Mar{\'i}a Irene},
 year = {2011},
 title = {Compound words in {S}panish: Theory and history},
 address = {Amsterdam/ Philadelphia},
 volume = {316},
 publisher = {{John Benjamins}},
 series = {Current Issues in Linguistic Theory. Amsterdam Studies in the Theory and History of Linguistic Science}
}



@book{Muller:2015,
 year = {2015},
 title = {Word Formation},
 address = {Berlin and Boston},
 publisher = {{Mouton de Gruyter}},
 editor = {M{\"u}ller, O. Peter and Ohnheiser, Ingeborg and Olsen, Susan and Rainer, Franz}
}



@book{Muller:2016,
 year = {2016},
 title = {Word Formation},
 address = {Berlin and Boston},
 publisher = {{Mouton de Gruyter}},
 editor = {M{\"u}ller, O. Peter and Ohnheiser, Ingeborg and Olsen, Susan and Rainer, Franz}
}

@article{Pacagnini:2003,
 author = {Pacagnini, Ana Maria Judith},
 year = {2003},
 title = {Compuestos sintagm{\'a}ticos y alternancia preposicional},
 pages = {159--172},
 volume = {9},
 journal = {Moenia}
}

@incollection{Rainer:2016,
 author = {Rainer, Franz},
 title = {Italian},
 pages = {2712--2731},
 volume = {4},
 publisher = {{Mouton de Gruyter}},
 editor = {M{\"u}ller, O. Peter and Ohnheiser, Ingeborg and Olsen, Susan and Rainer, Franz},
 booktitle = {Word Formation},
 year = {2016},
 address = {Berlin and Boston}
}



@article{RioTorto:2009,
 author = {Rio-Torto, Gra{\c{c}}a and Ribeiro, S{\'i}lvia},
 year = {2009},
 title = {Compounds in {P}ortuguese},
 pages = {271--291},
 volume = {8},
 number = {2},
 journal = {Lingue e Linguaggio}
}


@article{RioTorto:2012,
 author = {Rio-Torto, Gra{\c{c}}a and Ribeiro, S{\'i}lvia},
 year = {2012},
 title = {Portuguese compounds},
 pages = {119--145},
 volume = {24},
 number = {1},
 journal = {Probus. International Journal of Latin and Romance Linguistics}
}


@book{Scalise:2010,
 year = {2010},
 title = {Cross-disciplinary issues in compounding},
 series = {Current Issues in Linguistic Theory},
 editor = {Scalise, Sergio and Vogel, Irene}
}


@incollection{ValAlvaro:1999,
 author = {{Val {\`A}lvaro}, Jos{\'e} Francisco},
 title = {La composici{\'o}n},
 pages = {4747--4842},
 volume = {3},
 publisher = {{Espasa Calpe}},
 editor = {Demonte, Violeta and Bosque, Ignacio},
 booktitle = {Gram{\'a}tica descriptiva de la lengua espanola},
 year = {1999},
 address = {Barcelona}
}


@article{Villoing:2012,
 author = {Villoing, Florence},
 year = {2012},
 title = {French compounds},
 pages = {29--60},
 volume = {24},
 number = {1},
 journal = {Probus. International Journal of Latin and Romance Linguistics}
}




@article{Zwitserlood:1994,
 author = {Zwitserlood, Pienie},
 year = {1994},
 title = {The role of semantic transparency in the processing and representation of Dutch compounds},
 pages = {341--368},
 volume = {9},
 number = {3},
 journal = {Language and Cognitive Processes}
}


