@article{BaayenSmolka2019,
	author = {Baayen, R. Harald and Smolka, Eva},
	journal = {PsyArXiv},
	doi = {10.31234/osf.io/nj39v},
	title = {Modeling morphological priming in {German} with naive discriminative learning},
	year = {2019}
}


@book{BaayenGulikers1995,
	address = {Philadelphia, PA},
	author = {Baayen, R. Harald and Piepenbrock, Richard and Gulikers, Léon},
	publisher = {Linguistic Data Consortium, University of Pennsylvania},
	title = {The {CELEX} lexical database},
	note ={({CD}-{ROM})},
	year = {1995}
}

@article{BeyersmannGrainger2016,
	author = {Beyersmann, Elisabeth and Ziegler, Johannes C. and Castles, Anne and Coltheart, Max and Kezilas, Yvette and Grainger, Jonathan},
	journal = {Psychonomic Bulletin \& Review},
	number = {2},
	pages = {533--539},
	title = {Morpho-orthographic segmentation without semantics},
	volume = {23},
	year = {2016}
}


@article{BowersHanley2005,
	author = {Bowers, Jeffrey and Davis, Colin and Hanley, Derek A.},
	title = {Automatic semantic activation of embedded words: {I}s there a `hat' in `that'?},
	journal={Journal of Memory and Language},
	pages = {131--143},
	volume = {52},
	year = {2005}
}


@article{FeldmanEtAl2019,
    author={Feldman, Laurie Beth and Dale, Rick and van Rij, Jacolien},
    year={2019},
    title={Lexical and Frequency Effects on Keystroke Timing: {C}hallenges to a Lexical Search Account From a Type-To-Copy Task},
    journal={Frontiers in Communication}, 
    volume={4}
}

@article{Gagné2002,
	author = {Gagné, Christina L.},
	journal = {Brain and Language},
	number = {1},
	pages = {723–735},
	sortname = {Gagne, C. L.},
	title = {Lexical and relational influences on the processing of novel compounds},
	volume = {81},
	year = {2002}
}


@article{GraingerSegui1990,
	author = {Grainger, Jonathan and Segui, Juan},
	journal = {Perception \& Psychophysics},
	doi = {10.3758/BF03205983},
	pages = {191–198},
	title = {Neighborhood frequency effects in visual word recognition: {{A}} comparison of lexical decision and masked identification latencies},
	volume = {47},
	year = {1990}
}


@article{JärvikiviPyykkönen2011,
	author = {Järvikivi, Juhani and Pyykkönen, Pirita},
	journal = {Frontiers in Psychology}, 
	volume={2}, 
	issue = {Article 282},
	title = {Sub- and supralexical information in early phases of lexical access},
	year = {2011},
	doi={10.3389/fpsyg.2011.00282}
}


@article{LavricRastle2012,
	author = {Lavric, Aureliu and Elchlepp, Heike and Rastle, Kathleen},
	journal = {Journal of Experimental Psychology Human Perception \& Performance},
	doi ={10.1037/a0028960},
	pages = {811–816},
	title = {Tracking hierarchical processing in morphological decomposition with brain potentials},
	volume = {38},
	year = {2012}
}


@article{LehtonenMPoeppel2011,
	author = {Lehtonen, M. and Monahan, P. and Poeppel, D.},
	journal = {Journal of Cognitive Neuroscience},
	doi ={10.1162/jocn_a_00035},
	pages = {3366--3379},
	title = {Evidence for early morphological decomposition: {{C}}ombining masked priming with magnetoencephalography},
	volume = {23},
	year = {2011}
}


@article{Libben1994,
	author = {Libben, Gary},
	journal = {How is morphological decomposition achieved?  Language and Cognitive Processes},
	number = {3},
	pages = {369--391},
	volume = {9},
	year = {1994}
}


@incollection{Libbeninpress,
    author={Libben, Gary},
    year = {in press},
    title={Words as action: {C}onsequences for the monolingual and bilingual lexicon},
    editor={A. Tsedryk and C. Doe},
    booktitle={Words: {D}escription, Acquisition, and Pedagogy},
    publisher={Cambridge Scholars Press},
}

@incollection{Libbeninpress2,
    author={Libben, Gary and Gagné, Christina L. and Dressler, Wolfgang U.},
    year={in press},
    title={The representation and processing of compounds words},
    editor={V. Pirreli and I. Plag and W.U. Dressler}, 
    booktitle={Word Knowledge and Word Usage: {A} Cross-disciplinary Guide to the Mental Lexicon},
    publisher={De Gruyter Mouton}
}

@article{LibbenJaremaEtAl2016,
	author = {Gary Libben and Gonia Jarema and Bruce L. Derwing and Alessandra Riccardi and Danuta Perlak},
	journal = {Aphasiology},
	doi={10.1080/02687038.2016.1165179},
	pages = {1304--1324},
	title = {Seeking the -ational in derivational morphology},
    volume = {30},
    number = {11},
    year = {2016}
}


@incollection{LibbenWeber2014Semantic,
    author={Libben, Gary and Weber, Silke},
    year={2014},
    title={Semantic transparency, compounding, and the nature of independent variables},
    editor={Rainer, Franz and Dressler, Wolfgang U. and Gardani, Francesco and Luschützky, Hans Christian},
    booktile={Morphology and meaning},
    address={Amsterdam},
    publisher={Benjamins}
}    

@article{LibbenWeber2014,
	journal = {Frontiers of Psychology}, 
	volume={4},
	author = {Libben, Gary and Curtiss, Kaitlin and Weber, Silke},
	doi = {10.3389/fpsyg.2014.00557},
	publisher = {10},
	title = {Psychocentricity and participant profiles: {{I}}mplications for lexical processing among multilinguals},
	year = {2014}
}


@incollection{Libben2015,
    author={Libben, Gary},
    year={2015},
    title={Word-formation in psycholinguistics and neurocognitive research},
    editor={Müller, P. and Ohnheiser, I. and Olsen, S. and others},
    year={2015},
    volume={1},
    booktitle={Word-Formation: {A}n International Handbook of the Languages of {E}urope},
    address={Berlin\slash Boston},
    publisher={De Gruyter Mouton},
    pages={203--217}
}

@article{LongtinHalle2003,
	author = {Longtin, Catherine-Marie and Segui, Juan and Hallé, Pierre},
	journal = {Language and Cognitive Processes},
	pages = {313--334},
	sortname = {Longtin, Catherine-Marie and Segui, Juan and Halle, P.},
	title = {Morphological priming without morphological relationship},
	volume = {18},
	year = {2003}
}


@article{MorrisHolcomb2007,
	author = {Morris, Joanna and Frank, Tiffany and Grainger, Jonathan and Holcomb, Phillip J.},
	title = {Semantic transparency and masked morphological priming: {A}n {ERP} investigation},
	journal={Psychophysiology},
	pages = {506--521},
	volume = {44},
	year = {2007}
}


@article{MorrisGrainger2008,
    author = {Joanna Morris  and  Jonathan Grainger  and  Phillip J. Holcomb},
    title = {An electrophysiological investigation of early effects of masked morphological priming},
    journal = {Language and Cognitive Processes},
    volume = {23},
    number = {7--8},
    pages = {1021--1056},
    year  = {2008},
    doi = {10.1080/01690960802299386},
}


@incollection{RamscarEtAl2018,
    author={Ramscar, Michael and Dye, Melody and Blevins, James and Baayen, R. Harald},
    year={2018},
    title={Morphological development},
    editor={Bar On, A. and Ravit, D.},
    booktitle={Handbook of Communication Disorders}, 
    pages={181--202}, 
    publisher={De Gruyter Mouton}, 
    address={Berlin},
}

@article{RastleNew2004,
	author = {Rastle, Kathleen and Davis, Matthew H. and New, Boris},
	journal = {Psychonomic Bulletin \& Review},
	pages = {1090--1098},
	title = {The broth in my brother's brothel: {{M}}orpho-orthographic segmentation in visual word recognition},
	volume = {11},
	year = {2004}
}


@article{RuecklAicher2008,
    author = {Jay G. Rueckl  and  Karen A. Aicher},
    title = {Are CORNER and BROTHER morphologically complex? Not in the long term},
    journal = {Language and Cognitive Processes},
    volume = {23},
    number = {7--8},
    pages = {972--1001},
    year  = {2008},
    doi = {10.1080/01690960802211027},
}


@article{SahelWeingarten2008,
	author = {Sahel, Said and Nottbusch, Guido and Grimm, Angela and Weingarten, Rüdiger},
	journal = {Written Language \& Literacy},
	doi = {10.1075/wll.11.2.06sah},
	pages = {211–227},
	title = {Written production of {German} compounds: {{{E}}}ffects of lexical frequency and semantic transparency},
	volume = {11},
	year = {2008}
}

@article{TaftForster1975,
    author = {Taft, Marcus and Forster, Kenneth},
    year = {1975},
    title = {Lexical storage and retrieval of prefixed words},
    journal = {Journal of Verbal Learning and Verbal Behavior},
    volume = {14},
    pages = {638--647}
}


@article{TaftForster1976,
	author = {Taft, Marcus and Forster, Kenneth},
	journal = {Journal of Verbal Learning and Verbal Behavior},
	pages = {607--620},
	title = {Lexical Storage and Retrieval of Polymorphemic and Polysyllabic Words},
	volume = {15},
	year = {1976}
}


@book{vanJaarsveldRattink1988,
	address = {J Psycholinguist Res (1988) 17},
	author = {van Jaarsveld, H. J. and Rattink, G. E.},
	note = {https://doi.org/10.1007/BF01067911},
	publisher = {447},
	year = {1988}
}


@article{WillWeingarten2006,
	author = {Will, Udo and Nottbusch, Guido and Weingarten, Rüdiger},
	journal = {Written Language \& Literacy},
	doi = {10.1075/825wll.9.1},
	pages = {153–176},
	title = {Linguistic units in word typing: {E}ffects of word presentation modes and typing delay},
	volume = {9},
	year = {2006}
}


@article{Windsor1993,
	author = {Windsor, J.},
	title={The functions of novel word compounds},
	journal = {Journal of Child Language},
	doi = {10.1017/S0305000900009156},
	number = {1},
	pages = {119--138},
	volume = {20},
	year = {1993}
} 

@article{LibbenDerwingdeAlmeida1999,
    author = {Gary Libben and Bruce L. Derwing and Roberto G. {de Almeida}},
    title  = {Ambiguous Novel Compounds and Models of Morphological Parsing},
    journal= {Brain and Language},
    volume = {68},
    number = {1},
    pages  = {378--386},
    year   = {1999},
    doi    = {10.1006/brln.1999.2093}
}

@misc{Derwing2014,
    author = {Derwing, Bruce L.},
    year = {2014},
    title={The role of suffix strings in the processing of multimorphemic words},
    note = {Invited lecture presented at the Spring Training in Experimental Psycholinguistics in Edmonton, Canada}
}

@article{LibbenEtAl2012,
    author={Libben, Gary and Silke Weber and Koji Miwa},
    year={2012},
    title={P3: {A} technique for the study of perception, production, and participant properties},
    journal={The Mental Lexicon}, 
    volume={7},
    number={2}, 
    pages={237--248}
}

@article{BalotaEtAl2007,
    author={Balota, David A. and Melvin J. Yap and Keith A. Hutchison and Michael J. Cortese and Brett Kessler and Bjorn Loftis and James H. Neely and Douglas L. Nelson and Greg B. Simpson and Rebecca Treiman},
    year ={2007},
    title={The {English} Lexicon Project},
    journal={Behavior Research Methods},
    volume={39}, 
    pages={445--459}
}

@article{Libben2017,
    author={Libben, Gary},
    year={2017},
    title={The quantum metaphor and the organization of words in the mind},
    journal={Cultural Cognitive Science}, 
    volume={1}, 
    pages={49--55},
    doi={10.1007/s41809-017-0003-5}
}
