% This file was created with JabRef 2.10.
% Encoding: Cp1252

@article{louwerse2011,
  title={Symbol interdependency in symbolic and embodied cognition},
  author={Louwerse, Max M},
  journal={Topics in Cognitive Science}},
  volume={3},
  number={2},
  pages={273--302},
  year={2011},
  publisher={Wiley Online Library}
}


@inproceedings{dima2015automatic,
  title={Automatic noun compound interpretation using deep neural networks and word embeddings},
  author={Dima, Corina and Hinrichs, Erhard},
  booktitle={{Proceedings of the 11th International Conference on Computational Semantics}},
  pages={173--183},
  year={2015}
}

@inproceedings{van2013melodi,
  title={{MELODI: A supervised distributional approach for free paraphrasing of noun compounds}},
  author={Van de Cruys, Tim and Afantenos, Stergos and Muller, Philippe},
  booktitle={{2nd Joint Conference on Lexical and Computational Semantics, Volume 2: Proceedings of the 7th International Workshop on Semantic Evaluation}},
  volume={2},
  pages={144--147},
  year={2013}
}

@inproceedings{fares2018transfer,
  title={Transfer and Multi-Task Learning for Noun--Noun Compound Interpretation},
  author={Fares, Murhaf and Oepen, Stephan and Velldal, Erik},
  booktitle={{Proceedings of the 2018 Conference on Empirical Methods in Natural Language Processing}},
  pages={1488--1498},
  year={2018}
}

@inproceedings{cordeiro2016predicting,
  title={Predicting the compositionality of nominal compounds: {G}iving word embeddings a hard time},
  author={Cordeiro, Silvio and Ramisch, Carlos and Idiart, Marco and Villavicencio, Aline},
  booktitle={{Proceedings of the 54th Annual Meeting of the Association for Computational Linguistics (Volume 1: Long Papers)}},
  volume={1},
  pages={1986--1997},
  year={2016}
}

@inproceedings{tratz2010taxonomy,
  title={A taxonomy, dataset, and classifier for automatic noun compound interpretation},
  author={Tratz, Stephen and Hovy, Eduard},
  booktitle={{Proceedings of the 48th Annual Meeting of the Association for Computational Linguistics}},
  pages={678--687},
  year={2010},
  organization={Association for Computational Linguistics}
}

@inproceedings{o2007annotating,
  title={Annotating and learning compound noun semantics},
  author={{\'O} S{\'e}aghdha, Diarmuid},
  booktitle={{Proceedings of the 45th Annual Meeting of the ACL: Student Research Workshop}},
  pages={73--78},
  year={2007},
  organization={Association for Computational Linguistics}
}

@inproceedings{salehi2014using,
  title={Using distributional similarity of multi-way translations to predict multiword expression compositionality},
  author={Salehi, Bahar and Cook, Paul and Baldwin, Timothy},
  booktitle={{Proceedings of the 14th Conference of the European Chapter of the Association for Computational Linguistics}},
  pages={472--481},
  year={2014}
}

@inproceedings{salehi2015word,
  title={A word embedding approach to predicting the compositionality of multiword expressions},
  author={Salehi, Bahar and Cook, Paul and Baldwin, Timothy},
  booktitle={{Proceedings of the 2015 Conference of the North American Chapter of the Association for Computational Linguistics: Human Language Technologies}},
  pages={977--983},
  year={2015}
}

@inproceedings{farahmand2015multiword,
  title={A multiword expression data set: {A}nnotating non-compositionality and conventionalization for english noun compounds},
  author={Farahmand, Meghdad and Smith, Aaron and Nivre, Joakim},
  booktitle={{Proceedings of the 11th Workshop on Multiword Expressions}},
  pages={29--33},
  year={2015}
}

@inproceedings{roller2013expected,
  title={The (un) expected effects of applying standard cleansing models to human ratings on compositionality},
  author={Roller, Stephen and im Walde, Sabine Schulte and Scheible, Silke},
  booktitle={{Proceedings of the 9th Workshop on Multiword Expressions}},
  pages={32--41},
  year={2013}
}


@inproceedings{im2013exploring,
  title={Exploring vector space models to predict the compositionality of {G}erman noun-noun compounds},
  author={Schulte im Walde, Sabine and M{\"u}ller, Stefan and Roller, Stefan},
  booktitle={{2nd Joint Conference on Lexical and Computational Semantics, Volume 1: Proceedings of the Main Conference and the Shared Task: Semantic Textual Similarity}},
  volume={1},
  pages={255--265},
  year={2013}
}

@inproceedings{reddy2011empirical,
  title={An empirical study on compositionality in compound nouns},
  author={Reddy, Siva and McCarthy, Diana and Manandhar, Suresh},
  booktitle={{Proceedings of 5th International Joint Conference on Natural Language Processing}},
  pages={210--218},
  year={2011}
}

@InProceedings{P18-1111,
  author = 	{Shwartz, Vered
		and Dagan, Ido},
  title = 	{Paraphrase to Explicate: {R}evealing Implicit Noun-Compound Relations},
  booktitle = 	{{Proceedings of the 56th Annual Meeting of the Association for Computational Linguistics (Volume 1: Long Papers)}},
  year = 	{2018},
  pages = 	{1200--1211},
  location = 	{Melbourne, Australia}
}


@inproceedings{dima2016compositionality,
  title={On the Compositionality and Semantic Interpretation of {E}nglish Noun Compounds},
  author={Dima, Corina},
  booktitle={{Proceedings of the 1st Workshop on Representation Learning for NLP}},
  pages={27--39},
  year={2016}
}

@article{louwerse2008,
  title={Embodied relations are encoded in language},
  author={Louwerse, Max M},
  journal={{Psychonomic Bulletin \& Review}},
  volume={15},
  number={4},
  pages={838--844},
  year={2008},
  publisher={Springer}
}


@Book{stek2012,
  Title                    = {Word-formation in the world's languages: {A} typological survey},
  Author                   = {{\v{S}}tekauer, Pavol and Valera, Salvador and K{\H{o}}rtv{\'e}lyessy, L{\'\i}via},
  Publisher                = {{Cambridge University Press}},
  Year                     = {2012}
}

@PhdThesis{allen1979,
  Title                    = {Morphological investigations},
  Author                   = {Allen, Margaret Reece},
  School                   = {{University of Connecticut}},
  Year                     = {1979},

  Address                  = {Storrs}
}

@Article{andrews2004,
  Title                    = {Eye movements and morphological segmentation of compound words: {T}here is a mouse in mousetrap},
  Author                   = {Andrews, Sally and Miller, Brett and Rayner, Keith},
  Journal                  = {{European Journal of Cognitive Psychology}},
  Year                     = {2004},
  Number                   = {1-2},
  Pages                    = {285--311},
  Volume                   = {16},

  Publisher                = {Taylor \& Francis}
}

@Book{grammaire,
  Title                    = {Grammaire g{\'e}n{\'e}rale et raisonn{\'e}e, ou {L}a grammaire de {P}ort-{R}oyal (1660)},
  Author                   = {Arnauld, Antoine and Lancelot, Claude},
  Editor                   = {Brekle, Herbert E.},
  Publisher                = {{Frommann (Holzboog)}},
  Year                     = {1966},

  Address                  = {Stuttgart-Bad Cannstatt:}
}

@Book{baayen2008,
  Title                    = {{Analyzing linguistic data: A practical introduction to statistics using R}},
  Author                   = {Baayen, Rolf Harald},
  Publisher                = {Cambridge University Press},
  Year                     = {2008}
}

@Article{baayen2006,
  Title                    = {Morphological influences on the recognition of monosyllabic monomorphemic words},
  Author                   = {Baayen, R Harald and Feldman, Laurie B and Schreuder, Robert},
  Journal                  = {Journal of Memory and Language},
  Year                     = {2006},
  Number                   = {2},
  Pages                    = {290--313},
  Volume                   = {55},

  Publisher                = {Elsevier}
}

@Book{celex,
  Title                    = {{The CELEX lexical database (CD-ROM)}},
  Author                   = {Baayen, R Harald and Piepenbrock, Richard and Gulikers, L{\'e}on},
  Publisher                = {Linguistic Data Consortium},
  Year                     = {1995},

  Address                  = {University of Pennsylvania, Philadelphia, PA}
}

@Book{bally1950,
  Title                    = {Linguistique g{\'e}n{\'e}rale et linguistique fran{\c{c}}aise. 3me {\'e}d. conforme {\`a} la 2me},
  Author                   = {Bally, Charles},
  Publisher                = {Francke},
  Year                     = {1950}
}

@Article{balota2007,
  Title                    = {The {E}nglish lexicon project},
  Author                   = {Balota, David A and Yap, Melvin J and Hutchison, Keith A and Cortese, Michael J and Kessler, Brett and Loftis, Bjorn and Neely, James H and Nelson, Douglas L and Simpson, Greg B and Treiman, Rebecca},
  Journal                  = {Behavior research methods},
  Year                     = {2007},
  Number                   = {3},
  Pages                    = {445--459},
  Volume                   = {39},

  Publisher                = {Springer}
}

@Article{baronifrege,
  Title                    = {Frege in Space: {A} Program of Compositional Distributional Semantics},
  Author                   = {Baroni, Marco and Bernardi, Raffaela and Zamparelli, Roberto},
  Journal                  = {Linguistic Issues in Language Technology},
  Year                     = {2014},
  Volume                   = {9}
}

@InProceedings{baronipredict,
  Title                    = {{Don't count, predict! A systematic comparison of context-counting vs context-predicting semantic vectors}},
  Author                   = {Baroni, Marco and Dinu, Georgiana and Kruszewski, Germ{\'a}n},
  Booktitle                = {{Proceedings of the 52nd Annual Meeting of the Association for Computational Linguistics}},
  Year                     = {2014},
  Pages                    = {238--247},
  Volume                   = {1}
}

@Article{baroni2006,
  Title                    = {{Sulla tipologia dei composti N+N in italiano: Principi categoriali ed evidenza distribuzionale a confronto}},
  Author                   = {Baroni, Marco and Guevara, Emiliano and Pirrelli, Vito},
  Journal                  = {Atti del convegno SLI},
  Year                     = {2006},
  Pages                    = {21--23}
}

@Article{baronilenci,
  Title                    = {{Distributional memory: A general framework for corpus-based semantics}},
  Author                   = {Baroni, Marco and Lenci, Alessandro},
  Journal                  = {Computational Linguistics},
  Year                     = {2010},
  Number                   = {4},
  Pages                    = {673--721},
  Volume                   = {36},

  Publisher                = {MIT Press}
}

@InProceedings{baroni2010,
  Title                    = {{Nouns are vectors, adjectives are matrices: Representing adjective-noun constructions in semantic space}},
  Author                   = {Baroni, Marco and Zamparelli, Roberto},
  Booktitle                = {{Proceedings of the 2010 Conference on Empirical Methods in Natural Language Processing}},
  Year                     = {2010},
  Organization             = {Association for Computational Linguistics},
  Pages                    = {1183--1193}
}

@InCollection{bauer2001,
  Title                    = {Compounding},
  Author                   = {Bauer, Laurie},
  Booktitle                = {Language Typology and Language Universals},
  Publisher                = {De Gruyter},
  Year                     = {2001},

  Address                  = {Berlin and New York},
  Editor                   = {Haspelmath, Martin and K\"{o}nig, Ekkehard and Oesterreicher, Wulf and Raible, Wolfgang},

  ISBN                     = {9783110194265},
  Owner                    = {Sandro},
  Timestamp                = {2015.02.26}
}

@InCollection{bauerOHC,
  Title                    = {Typology of compounds},
  Author                   = {Bauer, Laurie},
  Booktitle                = {The {O}xford Handbook of Compounding},
  Publisher                = {Oxford University Press},
  Year                     = {2009},

  Address                  = {New York},
  Chapter                  = {17},
  Editor                   = {Lieber, Rochelle and \v{S}tekauer, Pavol},
  Pages                    = {343--356},

  Owner                    = {Sandro},
  Timestamp                = {2015.02.23}
}

@Book{bauer2003,
  Title                    = {Introducing Linguistic Morphology},
  Author                   = {Bauer, Laurie},
  Publisher                = {Georgetown University Press},
  Year                     = {2003},

  Address                  = {Washington}
}

@Article{bertram2003,
  Title                    = {{The length of a complex word modifies the role of morphological structure: Evidence from eye movements when reading short and long Finnish compounds}},
  Author                   = {Bertram, Raymond and Hy{\"o}n{\"a}, Jukka},
  Journal                  = {Journal of Memory and Language},
  Year                     = {2003},
  Number                   = {3},
  Pages                    = {615--634},
  Volume                   = {48},

  Publisher                = {Elsevier}
}

@Article{SB2005,
  Title                    = {The classification of compounds},
  Author                   = {Bisetto, Antonietta and Scalise, Sergio},
  Journal                  = {Lingue e linguaggio},
  Year                     = {2005},
  Number                   = {2},
  Pages                    = {319--332},
  Volume                   = {4},

  Publisher                = {Societ{\`a} editrice il Mulino}
}

@Book{Bloomfield1933,
  Title                    = {Language},
  Author                   = {Bloomfield, L.},
  Publisher                = {University of Chicago Press},
  Year                     = {1933},

  ISBN                     = {9780226060675},
  Lccn                     = {84008439},
  Owner                    = {Sandro},
  Timestamp                = {2015.02.26}
}

@Book{bolinger,
  Title                    = {Aspects of language},
  Author                   = {Bolinger, Dwight},
  Publisher                = {Harcourt Brace Jovanovich},
  Year                     = {1975},
  Edition                  = {2nd ed},

  Owner                    = {Sandro},
  Timestamp                = {2015.03.19}
}

@Book{Booij2005,
  Title                    = {The Grammar of Words: {A}n Introduction to Linguistic Morphology},
  Author                   = {Booij, Geert},
  Publisher                = {Oxford University Press},
  Year                     = {2005},

  Address                  = {Oxford},
  Series                   = {Oxford linguistics},

  ISBN                     = {9780199280421},
  Lccn                     = {lc2004023696},
  Owner                    = {Sandro},
  Timestamp                = {2015.02.26}
}

@Book{brekle1970,
  Title                    = {Generative {S}atzsemantik und transformationelle {S}yntax im {S}ystem der englischen {N}ominalkomposition},
  Author                   = {Brekle, Herbert Ernst},
  Publisher                = {W. Fink},
  Year                     = {1970},

  Address                  = {Munich},
  Volume                   = {4}
}

@Article{bresnan1995,
  Title                    = {The lexical integrity principle: Evidence from {B}antu},
  Author                   = {Bresnan, Joan and Mchombo, Sam A},
  Journal                  = {Natural Language \& Linguistic Theory},
  Year                     = {1995},
  Number                   = {2},
  Pages                    = {181--254},
  Volume                   = {13},

  Publisher                = {Springer}
}

@Article{bullinaria2012,
  Title                    = {Extracting semantic representations from word co-occurrence statistics: stop-lists, stemming, and {SVD}},
  Author                   = {Bullinaria, John A and Levy, Joseph P},
  Journal                  = {Behavior research methods},
  Year                     = {2012},
  Number                   = {3},
  Pages                    = {890--907},
  Volume                   = {44},

  Publisher                = {Springer}
}

@Article{bullinaria2007,
  Title                    = {Extracting semantic representations from word co-occurrence statistics: {A} computational study},
  Author                   = {Bullinaria, John A and Levy, Joseph P},
  Journal                  = {Behavior research methods},
  Year                     = {2007},
  Number                   = {3},
  Pages                    = {510--526},
  Volume                   = {39},

  Publisher                = {Springer}
}

@Article{burani1987,
  Title                    = {Representation and processing of derived words},
  Author                   = {Burani, Cristina and Caramazza, Alfonso},
  Journal                  = {Language and cognitive processes},
  Year                     = {1987},
  Number                   = {3-4},
  Pages                    = {217--227},
  Volume                   = {2},

  Publisher                = {Taylor \& Francis}
}

@Article{burani1984,
  Title                    = {Morphological structure and lexical access},
  Author                   = {Burani, Cristina and Salmaso, Dario and Caramazza, Alfonso},
  Journal                  = {Visible Language},
  Year                     = {1984},
  Number                   = {4},
  Pages                    = {342--352},
  Volume                   = {18}
}

@InCollection{butterworth1983,
  Title                    = {Lexical representation},
  Author                   = {Butterworth, Brian},
  Booktitle                = {Language production},
  Publisher                = {Academic Press},
  Year                     = {1983},

  Address                  = {San Diego, CA},
  Editor                   = {Butterworth, Brian},
  Pages                    = {257--294},

  Owner                    = {Sandro},
  Timestamp                = {2015.03.14}
}

@Article{bybee1995,
  Title                    = {Regular morphology and the lexicon},
  Author                   = {Bybee, Joan},
  Journal                  = {Language and cognitive processes},
  Year                     = {1995},
  Number                   = {5},
  Pages                    = {425--455},
  Volume                   = {10}
}

@Article{caramazza1985,
  Title                    = {{Reading mechanisms and the organisation of the lexicon: Evidence from acquired dyslexia}},
  Author                   = {Caramazza, Alfonso and Miceli, Gabriele and Silveri, M Caterina and Laudanna, Alessandro},
  Journal                  = {Cognitive Neuropsychology},
  Year                     = {1985},
  Number                   = {1},
  Pages                    = {81--114},
  Volume                   = {2},

  Publisher                = {Taylor \& Francis}
}

@Article{church1990,
  Title                    = {Word association norms, mutual information, and lexicography},
  Author                   = {Church, Kenneth Ward and Hanks, Patrick},
  Journal                  = {Computational linguistics},
  Year                     = {1990},
  Number                   = {1},
  Pages                    = {22--29},
  Volume                   = {16},

  Publisher                = {MIT Press}
}

@InCollection{clark2012,
  Title                    = {Vector space models of lexical meaning},
  Author                   = {Clark, Stephen},
  Booktitle                = {Handbook of Contemporary Semantics},
  Publisher                = {Wiley-Blackwell},
  Year                     = {2012}
}

@Article{cohen1984,
  Title                    = {{Models of Concepts}},
  Author                   = {Cohen, Benjamin and Murphy, Gregory L},
  Journal                  = {Cognitive Science},
  Year                     = {1984},
  Number                   = {1},
  Pages                    = {27--58},
  Volume                   = {8},

  Publisher                = {Wiley Online Library}
}

@Article{collobert2011,
  Title                    = {Natural language processing (almost) from scratch},
  Author                   = {Collobert, Ronan and Weston, Jason and Bottou, L{\'e}on and Karlen, Michael and Kavukcuoglu, Koray and Kuksa, Pavel},
  Journal                  = {The Journal of Machine Learning Research},
  Year                     = {2011},
  Pages                    = {2493--2537},
  Volume                   = {12},

  Publisher                = {JMLR. org}
}

@Book{oxf,
  Title                    = {{Oxford Dictionaries}},
  Author                   = {{Compound, 1.2}},
  Publisher                = {Retrieved March 2, 2015, from http://www.oxforddictionaries.com/definition/english/compound},
  Year                     = {2015},

  Owner                    = {Sandro},
  Timestamp                = {2015.03.02}
}

@Book{collins,
  Title                    = {{Collins Dictionary}},
  Author                   = {{Compound, 1.3}},
  Publisher                = {Retrieved March 2, 2015, from http://www.collinsdictionary.com/dictionary/english/compound},
  Year                     = {2015},

  Owner                    = {Sandro},
  Timestamp                = {2015.03.02}
}

@Article{costello2001,
  Title                    = {{Testing two theories of conceptual combination: Alignment versus diagnosticity in the comprehension and production of combined concepts}},
  Author                   = {Costello, Fintan J and Keane, Mark T},
  Journal                  = {Journal of Experimental Psychology: Learning, Memory, and Cognition},
  Year                     = {2001},
  Number                   = {1},
  Pages                    = {255},
  Volume                   = {27},

  Publisher                = {American Psychological Association}
}

@Article{costello2000,
  Title                    = {{Efficient creativity: Constraint-guided conceptual combination}},
  Author                   = {Costello, Fintan J and Keane, Mark T},
  Journal                  = {Cognitive Science},
  Year                     = {2000},
  Number                   = {2},
  Pages                    = {299--349},
  Volume                   = {24},

  Publisher                = {Elsevier}
}

@Conference{costello1996,
  Title                    = {{Polysemy in conceptual combination: Testing the constraint theory of combination}},
  Author                   = {Costello, Fintan J and Keane, Mark T},
  Booktitle                = {Nineteenth Annual Conference of the Cognitive Science Society},
  Year                     = {1997},

  Address                  = {Hillsdale, NJ},
  Publisher                = {Erlbaum}
}

@Unpublished{costello1997,
  Title                    = {{Constraints on conceptual combination: A theory of polysemy in noun-noun combinations}},
  Author                   = {Costello, Fintan J and Keane, Mark T},
  Year                     = {1997},

  Journal                  = {Unpublished manuscript}
}

@InCollection{devereux2013,
  Title                    = {Learning to interpret novel noun-noun compounds: {E}vidence from category learning experiments},
  Author                   = {Devereux, Barry J and Costello, Fintan J},
  Booktitle                = {Cognitive aspects of computational language acquisition},
  Publisher                = {Springer},
  Year                     = {2013},
  Pages                    = {199--234}
}

@InCollection{disciulloOHC,
  Title                    = {Why are compounds a part of human language? {A} view from asymmetry theory},
  Author                   = {Di Sciullo, Anna Maria},
  Booktitle                = {The {O}xford Handbook of Compounding},
  Publisher                = {Oxford University Press},
  Year                     = {2009},

  Address                  = {New York},
  Chapter                  = {8},
  Editor                   = {Lieber, Rochelle and \v{S}tekauer, Pavol},
  Pages                    = {145--177},

  Owner                    = {Sandro},
  Timestamp                = {2015.02.23}
}

@Book{disciullowilliams,
  Title                    = {On the definition of word},
  Author                   = {Di Sciullo, Anne-Marie and Williams, Edwin},
  Publisher                = {Springer},
  Year                     = {1987},
  Volume                   = {14}
}

@InProceedings{dinu2010,
  Title                    = {Measuring distributional similarity in context},
  Author                   = {Dinu, Georgiana and Lapata, Mirella},
  Booktitle                = {Proceedings of the 2010 Conference on Empirical Methods in Natural Language Processing},
  Year                     = {2010},
  Organization             = {Association for Computational Linguistics},
  Pages                    = {1162--1172}
}

@InProceedings{dinu2013,
  Title                    = {{DISSECT}: {DIS}tributional {SE}mantics {C}omposition {T}oolkit},
  Author                   = {Dinu, Georgiana and Pham, Nghia The and Baroni, Marco},
  Booktitle                = {Proceedings of {ACL} {W}orkshop on {C}ontinuous {V}ector {S}pace {M}odels and their {C}ompositionality},
  Year                     = {2013},

  Address                  = {Sofia, Bulgaria},
  Pages                    = {50--58}
}

@Book{doghouse,
  Title                    = {{Collins Dictionary}},
  Author                   = {{Doghouse, 1}},
  Publisher                = {Retrieved March 26, 2015, from http://www.collinsdictionary.com/dictionary/american/doghouse},
  Year                     = {2015},

  Owner                    = {Sandro},
  Timestamp                = {2015.03.26}
}

@Article{downing1977,
  Title                    = {{On the Creation and Use of {E}nglish Compound Nouns.}},
  Author                   = {Downing, Pamela},
  Journal                  = {Language},
  Year                     = {1977},
  Number                   = {4},
  Pages                    = {810--842},
  Volume                   = {53},

  Publisher                = {Linguistic Society of America}
}

@InCollection{dressler2006,
  Title                    = {Compound types},
  Author                   = {Dressler, Wolfgang U},
  Booktitle                = {The Representation and Processing of Compound Words},
  Publisher                = {Oxford University Press Oxford},
  Year                     = {2006},

  Address                  = {Oxford},
  Editor                   = {Libben, Gary and Jarema, Gonia},
  Pages                    = {23--44}
}

@Article{dunabeitia2007,
  Title                    = {{The role of the frequency of constituents in compound words: Evidence from Basque and Spanish}},
  Author                   = {Du{\~n}abeitia, Jon Andoni and Perea, Manuel and Carreiras, Manuel},
  Journal                  = {Psychonomic bulletin \& review},
  Year                     = {2007},
  Number                   = {6},
  Pages                    = {1171--1176},
  Volume                   = {14},

  Publisher                = {Springer}
}

@Article{dunning1993,
  Title                    = {Accurate methods for the statistics of surprise and coincidence},
  Author                   = {Dunning, Ted},
  Journal                  = {Computational linguistics},
  Year                     = {1993},
  Number                   = {1},
  Pages                    = {61--74},
  Volume                   = {19},

  Publisher                = {MIT Press}
}

@Article{erk2012,
  Title                    = {Vector space models of word meaning and phrase meaning: {A} survey},
  Author                   = {Erk, Katrin},
  Journal                  = {Language and Linguistics Compass},
  Year                     = {2012},
  Number                   = {10},
  Pages                    = {635--653},
  Volume                   = {6},

  Publisher                = {Wiley Online Library}
}

@InProceedings{erk2008,
  Title                    = {A structured vector space model for word meaning in context},
  Author                   = {Erk, Katrin and Pad{\'o}, Sebastian},
  Booktitle                = {Proceedings of the Conference on Empirical Methods in Natural Language Processing},
  Year                     = {2008},
  Organization             = {Association for Computational Linguistics},
  Pages                    = {897--906}
}

@PhdThesis{evert2005,
  Title                    = {The statistics of word cooccurrences: word pairs and collocations},
  Author                   = {Evert, Stefan},
  School                   = {Stuttgart University},
  Year                     = {2005}
}

@InCollection{fabb1998,
  Title                    = {Compounding},
  Author                   = {Fabb, Nigel},
  Booktitle                = {Handbook of Morphology},
  Publisher                = {Blackwell},
  Year                     = {1998},

  Address                  = {Oxford},
  Editor                   = {Spencer, A and Zwicky, A M},
  Pages                    = {66--83},

  Owner                    = {Sandro},
  Timestamp                = {2015.02.26}
}

@Article{fiorentino2009,
  Title                    = {Masked morphological priming of compound constituents},
  Author                   = {Fiorentino, Robert and Fund-Reznicek, Ella},
  Journal                  = {The Mental Lexicon},
  Year                     = {2009},
  Number                   = {2},
  Pages                    = {159--193},
  Volume                   = {4},

  Publisher                = {John Benjamins Publishing Company}
}

@Article{fiorentino2007,
  Title                    = {Compound words and structure in the lexicon},
  Author                   = {Fiorentino, Robert and Poeppel, David},
  Journal                  = {Language and Cognitive processes},
  Year                     = {2007},
  Number                   = {7},
  Pages                    = {953--1000},
  Volume                   = {22},

  Publisher                = {Taylor \& Francis}
}

@Book{firth1957,
  Title                    = {Papers in {L}inguistics, 1934-1951},
  Author                   = {Firth, John Rupert},
  Publisher                = {Oxford University Press},
  Year                     = {1957},

  Address                  = {Oxford, UK}
}

@InCollection{gagneOHC,
  Title                    = {Psycholinguistic perspectives},
  Author                   = {Gagn{\'e}, Christina L},
  Booktitle                = {The {O}xford Handbook of Compounding},
  Publisher                = {Oxford University Press},
  Year                     = {2009},

  Address                  = {New York},
  Chapter                  = {13},
  Editor                   = {Lieber, Rochelle and \v{S}tekauer, Pavol},
  Pages                    = {255--271},

  Owner                    = {Sandro},
  Timestamp                = {2015.02.23}
}

@Article{gagne2001,
  Title                    = {Relation and lexical priming during the interpretation of noun--noun combinations.},
  Author                   = {Gagn{\'e}, Christina L},
  Journal                  = {Journal of Experimental Psychology: Learning, Memory, and Cognition},
  Year                     = {2001},
  Number                   = {1},
  Pages                    = {236},
  Volume                   = {27},

  Publisher                = {American Psychological Association}
}

@Article{gagne2000,
  Title                    = {{Relation-based combinations versus property-based combinations: A test of the CARIN theory and the dual-process theory of conceptual combination}},
  Author                   = {Gagn{\'e}, Christina L},
  Journal                  = {Journal of Memory and Language},
  Year                     = {2000},
  Number                   = {3},
  Pages                    = {365--389},
  Volume                   = {42},

  Publisher                = {Elsevier}
}

@Article{gagneshoben,
  Title                    = {Influence of thematic relations on the comprehension of modifier--noun combinations.},
  Author                   = {Gagn{\'e}, Christina L and Shoben, Edward J},
  Journal                  = {Journal of Experimental Psychology: Learning, Memory, and Cognition},
  Year                     = {1997},
  Number                   = {1},
  Pages                    = {71},
  Volume                   = {23},

  Publisher                = {American Psychological Association}
}

@InCollection{gagne2015,
  Title                    = {Semantics, Concepts, and Meta-cognition: {A}ttributing Properties and Meanings to Complex Concepts},
  Author                   = {Gagn{\'e}, Christina L and Spalding, Thomas L},
  Booktitle                = {Semantics of Complex Words},
  Publisher                = {Springer},
  Year                     = {2015},
  Pages                    = {9--25}
}

@Article{gagnesp2009,
  Title                    = {{Constituent integration during the processing of compound words: Does it involve the use of relational structures?}},
  Author                   = {Gagn{\'e}, Christina L and Spalding, Thomas L},
  Journal                  = {Journal of Memory and Language},
  Year                     = {2009},
  Number                   = {1},
  Pages                    = {20--35},
  Volume                   = {60},

  Publisher                = {Elsevier}
}

@InCollection{gagne2006,
  Title                    = {{Conceptual combination: Implications for the mental lexicon}},
  Author                   = {Gagn{\'e}, Christina L and Spalding, Thomas L},
  Booktitle                = {The representation and processing of compound words},
  Publisher                = {Oxford University Press Oxford},
  Year                     = {2006},

  Address                  = {New York},
  Chapter                  = {7},
  Pages                    = {145--168}
}

@Article{gagne2005,
  Title                    = {Re-examining evidence for the use of independent relational representations during conceptual combination},
  Author                   = {Gagn{\'e}, Christina L and Spalding, Thomas L and Ji, Hongbo},
  Journal                  = {Journal of Memory and Language},
  Year                     = {2005},
  Number                   = {3},
  Pages                    = {445--455},
  Volume                   = {53},

  Publisher                = {Elsevier}
}

@Article{gardner1987,
  Title                    = {{The word frequency effect in lexical decision: Finding a frequency-based component}},
  Author                   = {Gardner, Michael K and Rothkopf, EZ and Lapan, Richard and Lafferty, Toby},
  Journal                  = {Memory \& cognition},
  Year                     = {1987},
  Number                   = {1},
  Pages                    = {24--28},
  Volume                   = {15},

  Publisher                = {Springer}
}

@Article{giraudo2000,
  Title                    = {Effects of prime word frequency and cumulative root frequency in masked morphological priming},
  Author                   = {Giraudo, H{\'e}l{\`e}ne and Grainger, Jonathan},
  Journal                  = {Language and Cognitive Processes},
  Year                     = {2000},
  Number                   = {4-5},
  Pages                    = {421--444},
  Volume                   = {15},

  Publisher                = {Taylor \& Francis}
}

@Article{graves,
  Title                    = {{Noun--noun combination: Meaningfulness ratings and lexical statistics for 2,160 word pairs}},
  Author                   = {Graves, William W and Binder, Jeffrey R and Seidenberg, Mark S},
  Journal                  = {Behavior research methods},
  Year                     = {2013},
  Number                   = {2},
  Pages                    = {463--469},
  Volume                   = {45},

  Publisher                = {Springer}
}

@InProceedings{grefenstette2011,
  Title                    = {Experimental support for a categorical compositional distributional model of meaning},
  Author                   = {Grefenstette, Edward and Sadrzadeh, Mehrnoosh},
  Booktitle                = {Proceedings of the Conference on Empirical Methods in Natural Language Processing},
  Year                     = {2011},
  Organization             = {Association for Computational Linguistics},
  Pages                    = {1394--1404}
}

@Book{grefenstette1994,
  Title                    = {Explorations in automatic thesaurus discovery},
  Author                   = {Grefenstette, Gregory},
  Publisher                = {Kluwer Academic Publishers},
  Year                     = {1994},

  Address                  = {Norwell, MA, USA}
}

@Article{griffiths2007,
  Title                    = {Topics in semantic representation},
  Author                   = {Griffiths, Thomas L and Steyvers, Mark and Tenenbaum, Joshua B},
  Journal                  = {Psychological Review},
  Year                     = {2007},
  Number                   = {2},
  Pages                    = {211},
  Volume                   = {114},

  Publisher                = {American Psychological Association}
}

@Book{grossmann2004,
  Title                    = {La formazione delle parole in {I}taliano},
  Author                   = {Grossmann, Maria and Rainer, Franz},
  Publisher                = {Walter de Gruyter},
  Year                     = {2004}
}

@InProceedings{guevara2010,
  Title                    = {A regression model of adjective-noun compositionality in distributional semantics},
  Author                   = {Guevara, Emiliano},
  Booktitle                = {{Proceedings of the 2010 Workshop on GEometrical Models of Natural Language Semantics}},
  Year                     = {2010},
  Organization             = {Association for Computational Linguistics},
  Pages                    = {33--37}
}

@InCollection{gs2009,
  Title                    = {Searching for universals in compounding},
  Author                   = {Guevara, Emiliano and Scalise, Sergio},
  Booktitle                = {Universals of language today},
  Publisher                = {Springer},
  Year                     = {2009},
  Pages                    = {101--128}
}

@Book{guevara2008,
  Title                    = {Heads in compounding: {V}ariation and patterns},
  Author                   = {Guevara, Emiliano and Scalise, Sergio},
  Publisher                = {13th international morphology meeting -- Book of Abstracts, Vienna, Austria},
  Year                     = {2008},

  Pages                    = {43}
}

@InCollection{tenhackOHC,
  Title                    = {Early generative approaches},
  Author                   = {ten Hacken, Pius},
  Booktitle                = {The {O}xford Handbook of Compounding},
  Publisher                = {Oxford University Press},
  Year                     = {2009},

  Address                  = {New York},
  Chapter                  = {4},
  Editor                   = {Lieber, Rochelle and \v{S}tekauer, Pavol},
  Pages                    = {54--77},

  Owner                    = {Sandro},
  Timestamp                = {2015.02.23}
}

@Article{tenhack2013,
  Title                    = {Compounds in {E}nglish, in {F}rench, in {P}olish, and in {G}eneral},
  Author                   = {ten Hacken, Pius},
  Journal                  = {SKASE Journal of Theoretical Linguistics},
  Year                     = {2013},
  Number                   = {1},
  Pages                    = {97--113},
  Volume                   = {10}
}

@Book{tenhack1994,
  Title                    = {Defining {M}orphology: a principled approach to determining the boundaries of compounding, derivation, and inflection},
  Author                   = {ten Hacken, Pius},
  Publisher                = {Georg Olms Verlag},
  Year                     = {1994},

  Address                  = {Hildesheim},
  Volume                   = {4}
}

@Article{hampton1988,
  Title                    = {Overextension of conjunctive concepts: {E}vidence for a unitary model of concept typicality and class inclusion.},
  Author                   = {Hampton, James A},
  Journal                  = {Journal of Experimental Psychology: Learning, Memory, and Cognition},
  Year                     = {1988},
  Number                   = {1},
  Pages                    = {12},
  Volume                   = {14},

  Publisher                = {American Psychological Association}
}

@Article{hampton1987,
  Title                    = {Inheritance of attributes in natural concept conjunctions},
  Author                   = {Hampton, James A},
  Journal                  = {Memory \& Cognition},
  Year                     = {1987},
  Number                   = {1},
  Pages                    = {55--71},
  Volume                   = {15},

  Publisher                = {Springer}
}


@article{harris1954,
  title={Distributional structure},
  author={Harris, Zellig S},
  journal={Word},
  volume={10},
  number={2-3},
  pages={146--162},
  year={1954},
  publisher={Taylor \& Francis}
}

@Book{hasp2002,
  Title                    = {Understanding Morphology},
  Author                   = {Haspelmath, Martin},
  Publisher                = {Edward Arnold},
  Year                     = {2002},

  Address                  = {London}
}

@Article{hyona1998,
  Title                    = {Reading {F}innish compound words: {E}ye fixations are affected by component morphemes.},
  Author                   = {Hy{\"o}n{\"a}, Jukka and Pollatsek, Alexander},
  Journal                  = {Journal of Experimental Psychology: Human Perception and Performance},
  Year                     = {1998},
  Number                   = {6},
  Pages                    = {1612},
  Volume                   = {24},

  Publisher                = {American Psychological Association}
}

@Article{inhoff2008,
  Title                    = {Eye movements during the reading of compound words and the influence of lexeme meaning},
  Author                   = {Inhoff, Albrecht W and Starr, Matthew S and Solomon, Matthew and Placke, Lars},
  Journal                  = {Memory \& cognition},
  Year                     = {2008},
  Number                   = {3},
  Pages                    = {675--687},
  Volume                   = {36},

  Publisher                = {Springer}
}

@Article{van1988,
  Title                    = {Frequency effects in the processing of lexicalized and novel nominal compounds},
  Author                   = {van Jaarsveld, Henk J and Rattink, Gilbert E},
  Journal                  = {Journal of Psycholinguistic Research},
  Year                     = {1988},
  Number                   = {6},
  Pages                    = {447--473},
  Volume                   = {17},

  Publisher                = {Springer}
}

@InCollection{jackendoff2002,
  Title                    = {English particle constructions, the lexicon, and the autonomy of syntax},
  Author                   = {Jackendoff, Ray},
  Booktitle                = {Verb-particle explorations},
  Publisher                = {Walter de Gruyter},
  Year                     = {2002},

  Address                  = {Berlin},
  Editor                   = {Deh{\'e}, Nicole and Jackendoff, Ray and MacIntyre, Andrew and Urban Silke},
  Pages                    = {67--94}
}

@InCollection{jackOHC,
  Title                    = {Compounding in the parallel architecture and conceptual semantics},
  Author                   = {Jackendoff, Ray},
  Booktitle                = {The {O}xford Handbook of Compounding},
  Publisher                = {Oxford University Press},
  Year                     = {2009},

  Address                  = {New York},
  Chapter                  = {6},
  Editor                   = {Lieber, Rochelle and \v{S}tekauer, Pavol},
  Pages                    = {105--128},

  Owner                    = {Sandro},
  Timestamp                = {2015.02.23}
}

@Book{Jackendoff1990,
  Title                    = {Semantic {S}tructures},
  Author                   = {Jackendoff, Ray},
  Publisher                = {MIT Press},
  Year                     = {1990},

  Address                  = {Cambridge},

  Abstract                 = {Semantic Structures is a large-scale study of conceptual structure and its lexical and syntactic expression in English that builds on the theory of Conceptual...}
}

@InCollection{jarema2006,
  Title                    = {Compound representation and processing: {A} cross-language perspective},
  Author                   = {Jarema, Gonia},
  Booktitle                = {The representation and processing of compound words},
  Publisher                = {Oxford University Press},
  Year                     = {2006},

  Address                  = {New York},
  Chapter                  = {3},
  Editor                   = {Libber, Gary and Jarema, Gonia},
  Pages                    = {45--70}
}

@Article{jarema1999,
  Title                    = {{Processing compounds: A cross-linguistic study}},
  Author                   = {Jarema, Gonia and Busson, C{\'e}line and Nikolova, Rossitza and Tsapkini, Kyrana and Libben, Gary},
  Journal                  = {Brain and language},
  Year                     = {1999},
  Number                   = {1},
  Pages                    = {362--369},
  Volume                   = {68},

  Publisher                = {Elsevier}
}

@Book{Jespersen1942,
  Title                    = {{A Modern {E}nglish Grammar on Historical Principles: Morphology}},
  Author                   = {Jespersen, O. and Haislund, N.},
  Publisher                = {C. Winter},
  Year                     = {1942},
  Series                   = {Grammatiken, 9. Bd},

  Lccn                     = {10007904},
  Owner                    = {Sandro},
  Timestamp                = {2015.02.24}
}

@Article{ji2011,
  Title                    = {Benefits and costs of lexical decomposition and semantic integration during the processing of transparent and opaque {E}nglish compounds},
  Author                   = {Ji, Hongbo and Gagn{\'e}, Christina L and Spalding, Thomas L},
  Journal                  = {Journal of Memory and Language},
  Year                     = {2011},
  Number                   = {4},
  Pages                    = {406--430},
  Volume                   = {65},

  Publisher                = {Elsevier}
}

@Article{dejong2002,
  Title                    = {The processing and representation of {D}utch and {E}nglish compounds: {P}eripheral morphological and central orthographic effects},
  Author                   = {de Jong, Nivja H and Feldman, Laurie B and Schreuder, Robert and Pastizzo, Matthew and Baayen, R Harald},
  Journal                  = {Brain and Language},
  Year                     = {2002},
  Number                   = {1},
  Pages                    = {555--567},
  Volume                   = {81},

  Publisher                = {Elsevier}
}

@Article{juhasz2007,
  Title                    = {The influence of semantic transparency on eye movements during {E}nglish compound word recognition},
  Author                   = {Juhasz, Barbara J},
  Journal                  = {Eye movements: A window on mind and brain},
  Year                     = {2007},
  Pages                    = {373--389},

  Publisher                = {Elsevier New York, NY}
}

@Article{juhasz2014,
  Title                    = {A database of 629 {E}nglish compound words: ratings of familiarity, lexeme meaning dominance, semantic transparency, age of acquisition, imageability, and sensory experience},
  Author                   = {Juhasz, Barbara J and Lai, Yun-Hsuan and Woodcock, Michelle L},
  Journal                  = {Behavior research methods},
  Year                     = {2014},
  Pages                    = {1--16}
}

@Article{juhasz2003,
  Title                    = {The effects of morphology on the processing of compound words: {E}vidence from naming, lexical decisions and eye fixations},
  Author                   = {Juhasz, Barbara J and Starr, Matthew S and Inhoff, Albrecht W and Placke, Lars},
  Journal                  = {British Journal of Psychology},
  Year                     = {2003},
  Number                   = {2},
  Pages                    = {223--244},
  Volume                   = {94},

  Publisher                = {Wiley Online Library}
}

@Book{Katamba1994,
  Title                    = {English {W}ords},
  Author                   = {Katamba, F.},
  Publisher                = {Routledge},
  Year                     = {1994},

  Address                  = {London},

  ISBN                     = {9780415104678},
  Lccn                     = {lc93033393},
  Owner                    = {Sandro},
  Timestamp                = {2015.02.23}
}

@Article{kay1976,
  Title                    = {On the semantics of compounds and genitives in {E}nglish},
  Author                   = {Kay, Paul and Zimmer, Karl},
  Journal                  = {Sixth California Linguistics Association Proceedings},
  Year                     = {1976},
  Pages                    = {29--35}
}

@Article{kehayia1999,
  Title                    = {The role of morphological structure in the processing of compounds: {T}he interface between linguistics and psycholinguistics},
  Author                   = {Kehayia, Eva and Jarema, Gonia and Tsapkini, Kyrana and Perlak, Danuta and Ralli, Angela and Kadzielawa, Danuta},
  Journal                  = {Brain and Language},
  Year                     = {1999},
  Number                   = {1},
  Pages                    = {370--377},
  Volume                   = {68},

  Publisher                = {Elsevier}
}

@Article{kotlerman2010,
  Title                    = {Directional distributional similarity for lexical inference},
  Author                   = {Kotlerman, Lili and Dagan, Ido and Szpektor, Idan and Zhitomirsky-Geffet, Maayan},
  Journal                  = {Natural Language Engineering},
  Year                     = {2010},
  Number                   = {04},
  Pages                    = {359--389},
  Volume                   = {16},

  Publisher                = {Cambridge Univ Press}
}

@InProceedings{kuperman2009,
  Title                    = {Revisiting semantic transparency in {E}nglish compound words},
  Author                   = {Kuperman, Victor},
  Booktitle                = {{6th International Morphological Processing Conference}},
  Year                     = {2009},

  Address                  = {Turku, Finland},

  Owner                    = {Sandro},
  Timestamp                = {2015.04.04}
}

@Article{kuperman2008,
  Title                    = {Morphological dynamics in compound processing},
  Author                   = {Kuperman, Victor and Bertram, Raymond and Baayen, R Harald},
  Journal                  = {Language and Cognitive Processes},
  Year                     = {2008},
  Number                   = {7-8},
  Pages                    = {1089--1132},
  Volume                   = {23},

  Publisher                = {Taylor \& Francis}
}

@Article{landauer1997,
  Title                    = {{A solution to Plato's problem: The latent semantic analysis theory of acquisition, induction, and representation of knowledge.}},
  Author                   = {Landauer, Thomas K and Dumais, Susan T},
  Journal                  = {Psychological Review},
  Year                     = {1997},
  Number                   = {2},
  Pages                    = {211},
  Volume                   = {104},

  Publisher                = {American Psychological Association}
}

@InProceedings{lazaridou2014,
  Title                    = {Is this a wampimuk? cross-modal mapping between distributional semantics and the visual world},
  Author                   = {Lazaridou, Angeliki and Bruni, Elia and Baroni, Marco},
  Booktitle                = {Proceedings of the Annual Meeting of the Association for Computational Linguistics},
  Year                     = {2014},
  Pages                    = {1403--1414}
}

@InProceedings{lazaridou2013,
  Title                    = {Compositional-ly derived representations of morphologically complex words in distributional semantics.},
  Author                   = {Lazaridou, Angeliki and Marelli, Marco and Zamparelli, Roberto and Baroni, Marco},
  Booktitle                = {{ACL}},
  Year                     = {2013},
  Number                   = {1},
  Organization             = {Citeseer},
  Pages                    = {1517--1526}
}

@InProceedings{lazaridoufish,
  Title                    = {Fish transporters and miracle homes: {H}ow compositional distributional semantics can help {NP} parsing},
  Author                   = {Lazaridou, Angeliki and Vecchi, Eva Maria and Baroni, Marco},
  Booktitle                = {{Proceedings of the 2013 Conference on Empirical Methods in Natural Language Processing}},
  Year                     = {2013}
}

@book{lees1960,
  Title                    = {The Grammar of {E}nglish Nominalizations},
  Author                   = {Lees, Robert B},
  Publisher                  = {Folklore \& Linguistics. Bloomington: Research Center in Anthropology},
  Year                     = {1960}
}

@Book{levi1978,
  Title                    = {The syntax and semantics of complex nominals},
  Author                   = {Levi, Judith N},
  Publisher                = {Academic Press},
  Year                     = {1978},

  Address                  = {New York}
}

@InProceedings{yoav2014,
  Title                    = {Neural word embedding as implicit matrix factorization},
  Author                   = {Levy, Omer and Goldberg, Yoav},
  Booktitle                = {Advances in Neural Information Processing Systems},
  Year                     = {2014},
  Pages                    = {2177--2185}
}

@PhdThesis{li1972,
  Title                    = {Semantics and the structure of compounds in {C}hinese},
  Author                   = {Li, Charles Na},
  School                   = {University of California},
  Year                     = {1972},

  Address                  = {Berkeley}
}

@InCollection{libben2006,
  Title                    = {{Why study compound processing? An overview of the issues}},
  Author                   = {Libben, Gary},
  Booktitle                = {The representation and processing of compound words},
  Publisher                = {Oxford University Press},
  Year                     = {2006},

  Address                  = {New York},
  Chapter                  = {1},
  Editor                   = {Libber, Gary and Jarema, Gonia},
  Pages                    = {1--22}
}

@Article{libben2014,
  Title                    = {{The nature of compounds: A psychocentric perspective}},
  Author                   = {Libben, Gary},
  Journal                  = {Cognitive neuropsychology},
  Year                     = {2014},
  Number                   = {1-2},
  Pages                    = {8--25},
  Volume                   = {31},

  Publisher                = {Taylor \& Francis}
}

@Article{libben1998,
  Title                    = {{Semantic transparency in the processing of compounds: Consequences for representation, processing, and impairment}},
  Author                   = {Libben, Gary},
  Journal                  = {Brain and Language},
  Year                     = {1998},
  Number                   = {1},
  Pages                    = {30--44},
  Volume                   = {61},

  Publisher                = {Elsevier}
}

@Article{libben1999,
  Title                    = {Ambiguous novel compounds and models of morphological parsing},
  Author                   = {Libben, Gary and Derwing, Bruce L and de Almeida, Roberto G},
  Journal                  = {Brain and Language},
  Year                     = {1999},
  Number                   = {1},
  Pages                    = {378--386},
  Volume                   = {68},

  Publisher                = {Elsevier}
}

@Article{libben2003,
  Title                    = {{Compound fracture: The role of semantic transparency and morphological headedness}},
  Author                   = {Libben, Gary and Gibson, Martha and Yoon, Yeo Bom and Sandra, Dominiek},
  Journal                  = {Brain and language},
  Year                     = {2003},
  Number                   = {1},
  Pages                    = {50--64},
  Volume                   = {84},

  Publisher                = {Elsevier}
}

@InCollection{lieber5OHC,
  Title                    = {A lexical semantic approach to compounding},
  Author                   = {Lieber, Rochelle},
  Booktitle                = {The {O}xford Handbook of Compounding},
  Publisher                = {Oxford University Press},
  Year                     = {2009},

  Address                  = {New York},
  Chapter                  = {5},
  Editor                   = {Lieber, Rochelle and \v{S}tekauer, Pavol},
  Pages                    = {78--104},

  Owner                    = {Sandro},
  Timestamp                = {2015.02.23}
}

@InCollection{lieberOHC,
  Title                    = {I{E}, {G}ermanic: {E}nglish},
  Author                   = {Lieber, Rochelle},
  Booktitle                = {The {O}xford Handbook of Compounding},
  Publisher                = {Oxford University Press},
  Year                     = {2009},

  Address                  = {New York},
  Chapter                  = {18},
  Editor                   = {Lieber, Rochelle and \v{S}tekauer, Pavol},
  Pages                    = {357--369},

  Owner                    = {Sandro},
  Timestamp                = {2015.02.23}
}

@Book{lieber2004,
  Title                    = {Morphology and lexical semantics},
  Author                   = {Lieber, Rochelle},
  Publisher                = {Cambridge University Press},
  Year                     = {2004},
  Volume                   = {104}
}

@Book{lieber1992,
  Title                    = {{Deconstructing morphology: Word formation in syntactic theory}},
  Author                   = {Lieber, Rochelle},
  Publisher                = {University of Chicago Press},
  Year                     = {1992},

  Address                  = {Chicago/London}
}

@InCollection{intrOHC,
  Title                    = {Introduction: status and definition of compounding},
  Author                   = {Lieber, Rochelle and \v{S}tekauer, Pavol},
  Booktitle                = {The {O}xford Handbook of Compounding},
  Publisher                = {Oxford University Press},
  Year                     = {2009},

  Address                  = {New York},
  Chapter                  = {1},
  Editor                   = {Lieber, Rochelle and \v{S}tekauer, Pavol},
  Pages                    = {3--18}
}

@Article{liebscal2006,
  Title                    = {{The Lexical Integrity Hypothesis in a new theoretical universe}},
  Author                   = {Lieber, Rochelle and Scalise, Sergio},
  Journal                  = {Lingue e linguaggio},
  Year                     = {2006},
  Number                   = {1},
  Pages                    = {7--32},

  Publisher                = {Societ{\`a} editrice il Mulino}
}

@Article{lima1983,
  Title                    = {{Lexical access via an orthographic code? The basic orthographic syllabic structure (BOSS) reconsidered}},
  Author                   = {Lima, Susan D and Pollatsek, Alexander},
  Journal                  = {Journal of Verbal Learning and Verbal Behavior},
  Year                     = {1983},
  Number                   = {3},
  Pages                    = {310--332},
  Volume                   = {22},

  Publisher                = {Elsevier}
}

@Article{louwerse2011notExist,
  Title                    = {{A taste of words: Linguistic context and perceptual simulation predict the modality of words}},
  Author                   = {Louwerse, Max and Connell, Louise},
  Journal                  = {Cognitive Science},
  Year                     = {2011},
  Number                   = {2},
  Pages                    = {381--398},
  Volume                   = {35},

  Publisher                = {Wiley Online Library}
}

@Article{lund1996,
  Title                    = {Producing high-dimensional semantic spaces from lexical co-occurrence},
  Author                   = {Lund, Kevin and Burgess, Curt},
  Journal                  = {Behavior Research Methods, Instruments, \& Computers},
  Year                     = {1996},
  Number                   = {2},
  Pages                    = {203--208},
  Volume                   = {28},

  Publisher                = {Springer}
}


@article{lynott2009,
  title={Embodied conceptual combination},
  author={Lynott, Dermot and Connell, Louise},
  journal={Frontiers in Psychology},
  volume={1},
  pages={212},
  year={2010},
  publisher={Frontiers}
}

@InProceedings{lynott2001,
  Title                    = {Can we model conceptual combination using distributional information?},
  Author                   = {Lynott, Dermot and Ramscar, Michael},
  Booktitle                = {{Proceedings of the 12th Irish Conference on Artificial Intelligence and Cognitive Science}},
  Year                     = {2001},
  Pages                    = {1--10}
}

@Book{maiden2000,
  Title                    = {A reference grammar of {I}talian},
  Author                   = {Maiden, Martin and Robustelli, Cecilia},
  Publisher                = {Arnold},
  Year                     = {2000},

  Address                  = {London}
}

@Book{marchand1969,
  Title                    = {The categories and types of present-day {E}nglish word-formation: {A} synchronic-diachronic approach},
  Author                   = {Marchand, Hans},
  Publisher                = {Beck},
  Year                     = {1969}
}


@Article{marchand1967,
  Title                    = {Expansion, transposition, and derivation},
  Author                   = {Marchand, Hans},
  Journal                  = {La linguistique},
  Year                     = {1967},
  Number                   = {1},
  Pages                    = {13--26},

  Publisher                = {JSTOR}
}

@Article{marchand1965,
  Title                    = {On the analysis of substantive compounds and suffixal derivatives not containing a verbal element},
  Author                   = {Marchand, Hans},
  Journal                  = {Indogermanische Forschungen},
  Year                     = {1965},
  Number                   = {2},
  Pages                    = {117--45},
  Volume                   = {70}
}

@Book{marchand1960,
  Title                    = {{Time Categories and Types of Present-Day {E}nglish Word-Formation}},
  Author                   = {Marchand, Hans},
  Publisher                = {Otto Harrassowitz},
  Year                     = {1960},

  Address                  = {Wiesbaden}
}


@article{marelli2015,
  title={{Affixation in semantic space: Modeling morpheme meanings with compositional distributional semantics}},
  author={Marelli, Marco and Baroni, Marco},
  journal={Psychological Review},
  volume={122},
  number={3},
  pages={485},
  year={2015},
  publisher={US: American Psychological Association}
}



@InProceedings{marellilake,
  Title                    = {{A mountain lake is ok, but a lake mountain is not. A model for the generation of novel compounds based on distributional semantics}},
  Author                   = {Marelli, Marco and Baroni, Marco},
  Booktitle                = {The Mental Lexicon 2014},
  Year                     = {2014},

  Address                  = {Niagara on the Lake, Canada},

  Owner                    = {Sandro},
  Timestamp                = {2015.04.24}
}

@Article{marelli2009,
  Title                    = {{Head position and the mental representation of nominal compounds: A constituent priming study in Italian}},
  Author                   = {Marelli, Marco and Crepaldi, Davide and Luzzatti, Claudio},
  Journal                  = {The Mental Lexicon},
  Year                     = {2009},
  Number                   = {3},
  Pages                    = {430--454},
  Volume                   = {4},

  Publisher                = {John Benjamins Publishing Company}
}

@Article{marelli2014,
  Title                    = {{Picking buttercups and eating butter cups: Spelling alternations, semantic relatedness, and their consequences for compound processing}},
  Author                   = {Marelli, Marco and Dinu, Georgiana and Zamparelli, Roberto and Baroni, Marco},
  Journal                  = {Applied Psycholinguistics},
  Year                     = {2014},
  Pages                    = {1--19},

  Publisher                = {Cambridge Univ Press}
}

@Unpublished{marelligagne,
  Title                    = {Capturing relational information in compound words: a distributional-semantic approach},
  Author                   = {Marelli, Marco and Gagn{\'e}, Christina L and Spalding, Thomas L and Baroni, Marco},
  Note                     = {Manuscript submitted for publication},
  Year                     = {submitted},

  Owner                    = {Sandro},
  Timestamp                = {2015.04.09}
}

@Article{marelli2012,
  Title                    = {{Frequency effects in the processing of Italian nominal compounds: Modulation of headedness and semantic transparency}},
  Author                   = {Marelli, Marco and Luzzatti, Claudio},
  Journal                  = {Journal of Memory and Language},
  Year                     = {2012},
  Number                   = {4},
  Pages                    = {644--664},
  Volume                   = {66},

  Publisher                = {Elsevier}
}

@Book{Vachek1975,
  Title                    = {{A Functional Analysis of Present Day {E}nglish on a General Linguistic Basis}},
  Author                   = {Mathesius, V. and Vachek, J.},
  Publisher                = {Czechoslovak Academy of Sciences},
  Year                     = {1975},

  Address                  = {Prague},
  Series                   = {Janua linguarum. Studia memoriae Nicolai Van Wijk dedicata},

  ISBN                     = {9789027930774},
  Lccn                     = {76372607},
  Owner                    = {Sandro},
  Timestamp                = {2015.02.24}
}

@Article{medin1988,
  Title                    = {Context and structure in conceptual combination},
  Author                   = {Medin, Douglas L and Shoben, Edward J},
  Journal                  = {Cognitive Psychology},
  Year                     = {1988},
  Number                   = {2},
  Pages                    = {158--190},
  Volume                   = {20},

  Publisher                = {Elsevier}
}

@Unpublished{mikolov2013,
  Title                    = {Efficient estimation of word representations in vector space},
  Author                   = {Mikolov, Tomas and Chen, Kai and Corrado, Greg and Dean, Jeffrey},
  Year                     = {2013},

  Url                      = {http://arxiv.org/abs/1301.3781/}
}

@Article{miller1991,
  Title                    = {Contextual correlates of semantic similarity},
  Author                   = {Miller, George A and Charles, Walter G},
  Journal                  = {Language and cognitive processes},
  Year                     = {1991},
  Number                   = {1},
  Pages                    = {1--28},
  Volume                   = {6},

  Publisher                = {Taylor \& Francis}
}

@Article{mitchell2010,
  Title                    = {Composition in distributional models of semantics},
  Author                   = {Mitchell, Jeff and Lapata, Mirella},
  Journal                  = {Cognitive Science},
  Year                     = {2010},
  Number                   = {8},
  Pages                    = {1388--1429},
  Volume                   = {34},

  Publisher                = {Wiley Online Library}
}

@Article{monsell1985,
  Title                    = {Repetition and the lexicon},
  Author                   = {Monsell, Stephen},
  Journal                  = {Progress in the psychology of language},
  Year                     = {1985},
  Pages                    = {147--195},
  Volume                   = {2}
}

@Book{montague1973,
  Title                    = {The proper treatment of quantification in ordinary {E}nglish},
  Author                   = {Montague, Richard},
  Publisher                = {Springer},
  Year                     = {1973}
}

@Article{montague1970,
  Title                    = {Universal grammar},
  Author                   = {Montague, Richard},
  Journal                  = {Theoria},
  Year                     = {1970},
  Number                   = {3},
  Pages                    = {373--398},
  Volume                   = {36},

  Publisher                = {Wiley Online Library}
}

@Article{murphy1990,
  Title                    = {Noun phrase interpretation and conceptual combination},
  Author                   = {Murphy, Gregory L},
  Journal                  = {Journal of memory and language},
  Year                     = {1990},
  Number                   = {3},
  Pages                    = {259--288},
  Volume                   = {29},

  Publisher                = {Elsevier}
}

@Article{murphy1988,
  Title                    = {Comprehending complex concepts},
  Author                   = {Murphy, Gregory L},
  Journal                  = {Cognitive science},
  Year                     = {1988},
  Number                   = {4},
  Pages                    = {529--562},
  Volume                   = {12},

  Publisher                = {Wiley Online Library}
}

@Book{Nastase2013,
  Title                    = {{Semantic Relations Between Nominals}},
  Author                   = {Nastase, V. and Nakov, P. and S{\'e}aghdha, D.{\'O}. and Szpakowicz, S.},
  Publisher                = {Morgan \& Claypool Publishers},
  Year                     = {2013},
  Series                   = {Synthesis Lectures on Human Language Technologies},

  ISBN                     = {9781608459803},
  Owner                    = {Sandro},
  Timestamp                = {2015.02.23}
}

@InCollection{neefOHC,
  Title                    = {I{E}, {G}ermanic: {G}erman},
  Author                   = {Neef, Martin},
  Booktitle                = {The {O}xford Handbook of Compounding},
  Publisher                = {Oxford University Press},
  Year                     = {2009},

  Address                  = {New York},
  Chapter                  = {20},
  Editor                   = {Lieber, Rochelle and \v{S}tekauer, Pavol},
  Pages                    = {386--399},

  Owner                    = {Sandro},
  Timestamp                = {2015.02.23}
}

@InCollection{olsen2001,
  Title                    = {Copulative compounds: a closer look at the interface between syntax and morphology},
  Author                   = {Olsen, Susan},
  Booktitle                = {Yearbook of Morphology 2000},
  Publisher                = {Springer},
  Year                     = {2001},
  Pages                    = {279--320}
}

@Article{pado2007,
  Title                    = {Dependency-based construction of semantic space models},
  Author                   = {Pad{\'o}, Sebastian and Lapata, Mirella},
  Journal                  = {Computational Linguistics},
  Year                     = {2007},
  Number                   = {2},
  Pages                    = {161--199},
  Volume                   = {33},

  Publisher                = {MIT Press}
}

@InProceedings{padoetal2007,
  Title                    = {{Flexible, Corpus-Based Modelling of Human Plausibility Judgements.}},
  Author                   = {Pad{\'o}, Sebastian and Pad{\'o}, Ulrike and Erk, Katrin},
  Booktitle                = {EMNLP-CoNLL},
  Year                     = {2007},
  Pages                    = {400--409}
}

@MastersThesis{paramita,
  Title                    = {{Exploiting CCG Derivations within Distributional Semantic Models}},
  Author                   = {Paramita},
  School                   = {Free University of {B}ozen-{B}olzano. Erasmus Mundus {E}uropean Master Program in Langauge and Communication Technologies},
  Year                     = {2012},

  Owner                    = {Sandro},
  Timestamp                = {2015.03.31}
}

@InCollection{partee2004,
  Title                    = {Compositionality},
  Author                   = {Partee, Barbara H},
  Booktitle                = {Compositionality in {F}ormal {S}emantics: {S}elected {P}apers by {B}arbara {H}. {P}artee},
  Publisher                = {Blackwell Publishing},
  Year                     = {2004},

  Address                  = {Oxford}
}

@Book{plag2003,
  Title                    = {Word-formation in {E}nglish},
  Author                   = {Plag, Ingo},
  Publisher                = {Cambridge University Press},
  Year                     = {2003}
}

@Book{plag2007,
  Title                    = {Testing hypotheses about compound stress assignment in {E}nglish: a corpus-based investigation},
  Author                   = {Plag, Ingo and Kunter, Gero and Lappe, Sabine},
  Year                     = {2007}
}

@Article{pollatsek2005,
  Title                    = {The role of semantic transparency in the processing of {F}innish compound words},
  Author                   = {Pollatsek, Alexander and Hy{\"o}n{\"a}, Jukka},
  Journal                  = {Language and Cognitive Processes},
  Year                     = {2005},
  Number                   = {1-2},
  Pages                    = {261--290},
  Volume                   = {20},

  Publisher                = {Taylor \& Francis}
}

@Article{pollatsek2000,
  Title                    = {The role of morphological constituents in reading {F}innish compound words.},
  Author                   = {Pollatsek, Alexander and Hy{\"o}n{\"a}, Jukka and Bertram, Raymond},
  Journal                  = {Journal of Experimental Psychology: Human Perception and Performance},
  Year                     = {2000},
  Number                   = {2},
  Pages                    = {820},
  Volume                   = {26},

  Publisher                = {American Psychological Association}
}

@InProceedings{rapp2004,
  Title                    = {{A Freely Available Automatically Generated Thesaurus of Related Words.}},
  Author                   = {Rapp, Reinhard},
  Booktitle                = {LREC},
  Year                     = {2004},

  Address                  = {Lisbon, Portugal},
  Pages                    = {395--398}
}

@InProceedings{rapp2003,
  Title                    = {Word sense discovery based on sense descriptor dissimilarity},
  Author                   = {Rapp, Reinhard},
  Booktitle                = {Proceedings of the 9th Machine Translation Summit},
  Year                     = {2003},
  Pages                    = {315--322}
}

@Article{baayen2002,
  Title                    = {Morphology by itself in planning the production of spoken words},
  Author                   = {Roelofs, Ardi and Baayen, Harald},
  Journal                  = {Psychonomic Bulletin \& Review},
  Year                     = {2002},
  Number                   = {1},
  Pages                    = {132--138},
  Volume                   = {9},

  Publisher                = {Springer}
}

@InCollection{rosch,
  Title                    = {Principles of categorization},
  Author                   = {Rosch, Eleanor},
  Booktitle                = {Cognition and Categorization},
  Publisher                = {Erlbaum},
  Year                     = {1978},

  Address                  = {Hillsdale, NJ},
  Editor                   = {Rosch, Eleanor and Lloyd Barbara B},
  Pages                    = {27--48},

  Owner                    = {Sandro},
  Timestamp                = {2015.04.08}
}

@Article{rubenstein1963,
  Title                    = {Word predictability and intelligibility},
  Author                   = {Rubenstein, Herbert and Pollack, Irwin},
  Journal                  = {Journal of Verbal Learning and Verbal Behavior},
  Year                     = {1963},
  Number                   = {2},
  Pages                    = {147--158},
  Volume                   = {2},

  Publisher                = {Elsevier}
}

@Article{sandra1990,
  Title                    = {{On the representation and processing of compound words: Automatic access to constituent morphemes does not occur}},
  Author                   = {Sandra, Dominiek},
  Journal                  = {The Quarterly Journal of Experimental Psychology},
  Year                     = {1990},
  Number                   = {3},
  Pages                    = {529--567},
  Volume                   = {42},

  Publisher                = {Taylor \& Francis}
}

@Article{scalise1992,
  Title                    = {Compounding in {I}talian},
  Author                   = {Scalise, Sergio},
  Journal                  = {Rivista di linguistica},
  Year                     = {1992},
  Number                   = {1},
  Pages                    = {175--200},
  Volume                   = {4}
}

@Book{scal1984,
  Title                    = {Generative Morphology},
  Author                   = {Scalise, Sergio},
  Publisher                = {Foris},
  Year                     = {1984},

  Address                  = {Dordrecht},

  Owner                    = {Sandro},
  Timestamp                = {2015.03.26}
}

@InCollection{sbOHC,
  Title                    = {The classification of compound},
  Author                   = {Scalise, Sergio and Bisetto, Antonietta},
  Booktitle                = {The {O}xford Handbook of Compounding},
  Publisher                = {Oxford University Press},
  Year                     = {2009},

  Address                  = {New York},
  Chapter                  = {3},
  Editor                   = {Lieber, Rochelle and \v{S}tekauer, Pavol},
  Pages                    = {34--53},

  Owner                    = {Sandro},
  Timestamp                = {2015.02.23}
}

@InCollection{sbg2005,
  Title                    = {Selection in Compounding and Derivation: Morphology and Its Demarcations},
  Author                   = {Scalise, Sergio and Bisetto, Antonietta and Guevara, Emiliano},
  Booktitle                = {Morphology and Its Demarcations},
  Publisher                = {John Benjamins Publishing Company},
  Year                     = {2005},

  Address                  = {Amsterdam},
  Chapter                  = {14},
  Editor                   = {Dressler, Wolfgang U. and Kastovsky, Dieter and Pfeiffer, Oskar E. and Rainer, Franz},
  Pages                    = {133--150},

  Owner                    = {Sandro},
  Timestamp                = {2015.03.01}
}

@Article{scarb1977,
  Title                    = {Frequency and repetition effects in lexical memory},
  Author                   = {Scarborough, Don L and Cortese, Charles and Scarborough, Hollis S},
  Journal                  = {Journal of Experimental Psychology: Human perception and performance},
  Year                     = {1977},
  Number                   = {1},
  Pages                    = {1},
  Volume                   = {3},

  Publisher                = {American Psychological Association}
}

@Article{schutze1998,
  Title                    = {Automatic word sense discrimination},
  Author                   = {Sch{\"u}tze, Hinrich},
  Journal                  = {Computational linguistics},
  Year                     = {1998},
  Number                   = {1},
  Pages                    = {97--123},
  Volume                   = {24},

  Publisher                = {MIT Press}
}

@Article{schmid1995,
  Title                    = {Treetagger a language independent part-of-speech tagger},
  Author                   = {Schmid, Helmut},
  Journal                  = {Institut f{\"u}r Maschinelle Sprachverarbeitung, Universit{\"a}t Stuttgart},
  Year                     = {1995},
  Pages                    = {28},
  Volume                   = {43}
}

@Article{baayen1997,
  Title                    = {How complex simplex words can be},
  Author                   = {Schreuder, Robert and Baayen, R Harald},
  Journal                  = {Journal of memory and language},
  Year                     = {1997},
  Number                   = {1},
  Pages                    = {118--139},
  Volume                   = {37},

  Publisher                = {Elsevier}
}

@Book{baayen1995,
  Title                    = {Modeling morphological processing.},
  Author                   = {Schreuder, Robert and Baayen, R Harald},
  Publisher                = {Lawrence Erlbaum Associates, Inc},
  Year                     = {1995},

  Address                  = {Hillsdale, NJ}
}

@Book{selkirk1982,
  Title                    = {The syntax of words},
  Author                   = {Selkirk, Elisabeth O},
  Publisher                = {MIT press Cambridge},
  Year                     = {1982},

  Address                  = {Massachusetts}
}

@Article{shoolman2003,
  Title                    = {Racehorses, reindeer, and sparrows},
  Author                   = {Shoolman, Natalie and Andrews, Sally},
  Journal                  = {Masked priming: The state of the art},
  Year                     = {2003},
  Pages                    = {241--278}
}

@Article{smith1988,
  Title                    = {{Combining prototypes: A selective modification model}},
  Author                   = {Smith, Edward E and Osherson, Daniel N and Rips, Lance J and Keane, Margaret},
  Journal                  = {Cognitive science},
  Year                     = {1988},
  Number                   = {4},
  Pages                    = {485--527},
  Volume                   = {12},

  Publisher                = {Wiley Online Library}
}

@Book{spencer1991,
  Title                    = {{Morphological theory: An introduction to word structure in generative grammar}},
  Author                   = {Spencer, Andrew},
  Publisher                = {Wiley-Blackwell},
  Year                     = {1991}
}

@Article{su1969,
  Title                    = {A semantic theory based upon interactive meaning},
  Author                   = {Su, Stanley YW},
  Journal                  = {Computer Science Technical Report},
  Year                     = {1969},
  Volume                   = {68}
}

@Book{szym1998,
  Title                    = {{Introduction to Morphological Analysis}},
  Author                   = {Szymanek, Bogdan},
  Publisher                = {Wydawnictwo Naukowe PWN},
  Year                     = {1998},

  Address                  = {Warszawa}
}

@Article{taft2004,
  Title                    = {Morphological decomposition and the reverse base frequency effect},
  Author                   = {Taft, Marcus},
  Journal                  = {Quarterly Journal of Experimental Psychology Section A},
  Year                     = {2004},
  Number                   = {4},
  Pages                    = {745--765},
  Volume                   = {57},

  Publisher                = {Taylor \& Francis}
}

@Article{taft1976,
  Title                    = {Lexical storage and retrieval of polymorphemic and polysyllabic words},
  Author                   = {Taft, Marcus and Forster, Kenneth I},
  Journal                  = {Journal of Verbal Learning and Verbal Behavior},
  Year                     = {1976},
  Number                   = {6},
  Pages                    = {607--620},
  Volume                   = {15}
}

@Article{taftetal2004,
  Title                    = {The processing of morpheme-like units in monomorphemic words},
  Author                   = {Taft, Marcus and Kougious, Paul},
  Journal                  = {Brain and Language},
  Year                     = {2004},
  Number                   = {1},
  Pages                    = {9--16},
  Volume                   = {90},

  Publisher                = {Elsevier}
}

@Article{turneylitt2003,
  Title                    = {Measuring praise and criticism: {I}nference of semantic orientation from association},
  Author                   = {Turney, Peter D and Littman, Michael L},
  Journal                  = {{ACM Transactions on Information Systems (TOIS)}},
  Year                     = {2003},
  Number                   = {4},
  Pages                    = {315--346},
  Volume                   = {21}
}

@Article{turney2010,
  Title                    = {From frequency to meaning: {V}ector space models of semantics},
  Author                   = {Turney, Peter D and Pantel, Patrick},
  Journal                  = {{Journal of Artificial Intelligence Research}},
  Year                     = {2010},
  Number                   = {1},
  Pages                    = {141--188},
  Volume                   = {37}
}

@InProceedings{vecchi2011,
  Title                    = {{(Linear) maps of the impossible: Capturing semantic anomalies in distributional space}},
  Author                   = {Vecchi, Eva Maria and Baroni, Marco and Zamparelli, Roberto},
  Booktitle                = {{Proceedings of the Workshop on Distributional Semantics and Compositionality}},
  Year                     = {2011},
  Organization             = {Association for Computational Linguistics},
  Pages                    = {1--9}
}

@InProceedings{vecchi2013,
  Title                    = {{Studying the Recursive Behaviour of Adjectival Modification with Compositional Distributional Semantics}},
  Author                   = {Vecchi, Eva Maria and Zamparelli, Roberto and Baroni, Marco},
  Booktitle                = {{EMNLP}},
  Year                     = {2013},
  Pages                    = {141--151}
}

@Article{wang2014,
  Title                    = {Predicting raters' transparency judgments of {E}nglish and {C}hinese morphological constituents using latent semantic analysis},
  Author                   = {Wang, Hsueh-Cheng and Hsu, Li-Chuan and Tien, Yi-Min and Pomplun, Marc},
  Journal                  = {{Behavior Research Methods}},
  Year                     = {2014},
  Number                   = {1},
  Pages                    = {284--306},
  Volume                   = {46},

  Publisher                = {Springer}
}

@Book{ward1965,
  Title                    = {The {R}ussian language today: system and anomaly},
  Author                   = {Ward, Dennis},
  Publisher                = {Hutchinson university library},
  Year                     = {1965},

  Address                  = {London}
}

@Article{warren1978,
  Title                    = {Semantic patterns of noun-noun compounds},
  Author                   = {Warren, Beatrice},
  Journal                  = {Acta Universitatis Gothoburgensis. Gothenburg Studies in English Goteborg},
  Year                     = {1978},
  Pages                    = {1--266},
  Volume                   = {41}
}

@Article{williams1981,
  Title                    = {On the notions "lexically related" and "head of a word"},
  Author                   = {Williams, Edwin},
  Journal                  = {Linguistic inquiry},
  Year                     = {1981},
  Pages                    = {245--274},

  Publisher                = {JSTOR}
}

@Article{wisniewski1996,
  Title                    = {Construal and similarity in conceptual combination},
  Author                   = {Wisniewski, Edward J},
  Journal                  = {{Journal of Memory and Language}},
  Year                     = {1996},
  Number                   = {3},
  Pages                    = {434--453},
  Volume                   = {35},

  Publisher                = {Elsevier}
}

@Article{wisniewskigentner,
  Title                    = {On the combinatorial semantics of noun pairs: {M}inor and major adjustments to meaning},
  Author                   = {Wisniewski, Edward J and Gentner, Dedre},
  Journal                  = {{Advances in Psychology}},
  Year                     = {1991},
  Pages                    = {241--284},
  Volume                   = {77},

  Publisher                = {Elsevier}
}

@Article{wisniewskilove,
  Title                    = {Relations versus properties in conceptual combination},
  Author                   = {Wisniewski, Edward J and Love, Bradley C.},
  Journal                  = {Journal of Memory and Language},
  Year                     = {1998},
  Number                   = {2},
  Pages                    = {177--202},
  Volume                   = {38},

  Publisher                = {Elsevier}
}

@Book{witt1953,
  Title                    = {Philosophical investigations},
  Author                   = {Wittgenstein, Ludwig},
  Publisher                = {Blackwell},
  Year                     = {1953},

  Address                  = {Oxford, UK},

  Owner                    = {Sandro},
  Timestamp                = {2015.04.08}
}

@Article{wu2009,
  Title                    = {Perceptual simulation in conceptual combination: {E}vidence from property generation},
  Author                   = {Wu, Ling-ling and Barsalou, Lawrence W},
  Journal                  = {Acta psychologica},
  Year                     = {2009},
  Number                   = {2},
  Pages                    = {173--189},
  Volume                   = {132},

  Publisher                = {Elsevier}
}

@InProceedings{zanzotto2010,
  Title                    = {Estimating linear models for compositional distributional semantics},
  Author                   = {Zanzotto, Fabio Massimo and Korkontzelos, Ioannis and Fallucchi, Francesca and Manandhar, Suresh},
  Booktitle                = {{Proceedings of the 23rd International Conference on Computational Linguistics}},
  Year                     = {2010},
  Organization             = {{Association for Computational Linguistics}},
  Pages                    = {1263--1271}
}

@Article{zimmer1971,
  Title                    = {{Some General Observations about Nominal Compounds}},
  Author                   = {Zimmer, Karl E},
  Journal                  = {Working Papers on Language Universals},
  Year                     = {1971},
  Number                   = {5},
  Pages                    = {1--21},

  Publisher                = {Stanford University}
}

@Article{zwitserlood1994,
  Title                    = {The role of semantic transparency in the processing and representation of {D}utch compounds},
  Author                   = {Zwitserlood, Pienie},
  Journal                  = {Language and cognitive processes},
  Year                     = {1994},
  Number                   = {3},
  Pages                    = {341--368},
  Volume                   = {9},

  Publisher                = {Taylor \& Francis}
}

@Book{OHC,
  Title                    = {The {O}xford Handbook of Compounding},
  Editor                   = {Lieber, Rochelle and \v{S}tekauer, Pavol},
  Publisher                = {Oxford University Press},
  Year                     = {2009},

  Address                  = {New York},

  Owner                    = {Sandro},
  Timestamp                = {2015.02.23}
}

@book{fanselow1981,
  title={Zur Syntax und Semantik der Nominalkomposition},
  author={Fanselow, Gisbert},
  publisher={T{\"u}bingen: Niemeyer},
  year={1981}
}

@article{gunther2016,
  title={Understanding Karma Police: {T}he Perceived Plausibility of Noun Compounds as Predicted by Distributional Models of Semantic Representation},
  author={G{\"u}nther, Fritz and Marelli, Marco},
  journal={PloS one},
  volume={11},
  number={10},
  pages={e0163200},
  year={2016},
  publisher={Public Library of Science}
}

@article{marelli2017,
  title={Compounding as Abstract Operation in Semantic Space: {I}nvestigating relational effects through a large-scale, data-driven computational model},
  author={Marelli, Marco and Gagn{\'e}, Christina L and Spalding, Thomas L},
  journal={Cognition},
  volume={166},
  pages={207--224},
  year={2017},
  publisher={Elsevier}
}

@article{brysbaert2018,
  title={{The word frequency effect in word processing: An updated review}},
  author={Brysbaert, Marc and Mandera, Pawe{\l} and Keuleers, Emmanuel},
  journal={Current Directions in Psychological Science},
  volume={27},
  number={1},
  pages={45--50},
  year={2018},
  publisher={SAGE Publications Sage CA: Los Angeles, CA}
}

