@article{baayen:2008,
  title={Mixed-effects modeling with crossed random effects for subjects and items},
  author={Baayen, R. Harald and Davidson, Douglas J. and Bates, Douglas M.},
  journal={Journal of Memory and Language},
  volume={59},
  number={4},
  pages={390--412},
  year={2008},
  publisher={Elsevier}
}

@article{baayen:2013,
  title={Sidestepping the combinatorial explosion: {A}n explanation of n-gram frequency effects based on naive discriminative learning},
  author={Baayen, R. Harald and Hendrix, Peter and Ramscar, Michael},
  journal={Language and Speech},
  volume={56},
  number={3},
  pages={329--347},
  year={2013},
  publisher={Sage Publications}
}

@article{baayen:2011,
  title={An amorphous model for morphological processing in visual comprehension based on naive discriminative learning.},
  author={Baayen, R. Harald and Milin, Petar and {\DJ}ur{\dj}evi{\'c}, Dusica Filipovi{\'c} and Hendrix, Peter and Marelli, Marco},
  journal={Psychological Review},
  volume={118},
  number={3},
  pages={438--481},
  year={2011},
  publisher={American Psychological Association}
}

@misc{baayen:1993,
  title={The {CELEX} {L}exical {D}atabase (on {CD-ROM}) },
  author={Baayen, R. Harald and Piepenbrock, Richard and van Rijn, H.},
  year={1993},
  publisher={Linguistic Data Consortium, University of Pennsylvania},
  address={Philadelphia, PA}
}

@article{baayen:2016,
  title={Comprehension without segmentation: {A} proof of concept with naive discriminative learning},
  author={Baayen, R. Harald and Shaoul, Cyrus and Willits, Jon and Ramscar, Michael},
  journal={Language, Cognition and Neuroscience},
  volume={31},
  number={1},
  pages={106--128},
  year={2016},
  publisher={Taylor \& Francis}
}

@article{bates:2005,
  title={Fitting linear mixed models in {R}},
  author={Bates, Douglas},
  journal={R News},
  volume={5},
  number={1},
  pages={27--30},
  year={2005}
}

@article{bobrow:1973,
  title={On catching on to idiomatic expressions},
  author={Bobrow, Samuel A. and Bell, Susan M.},
  journal={Memory \& Cognition},
  volume={1},
  number={3},
  pages={343--346},
  year={1973},
  publisher={Springer}
}

@article{cacciari:1988,
  title={The comprehension of idioms},
  author={Cacciari, Cristina and Tabossi, Patrizia},
  journal={Journal of Memory and Language},
  volume={27},
  number={6},
  pages={668--683},
  year={1988},
  publisher={Elsevier}
}

@article{caillies:2007,
  title={Processing of idiomatic expressions: {E}vidence for a new hybrid view},
  author={Caillies, St{\'e}phanie and Butcher, Kirsten},
  journal={Metaphor and Symbol},
  volume={22},
  number={1},
  pages={79--108},
  year={2007},
  publisher={Taylor \& Francis}
}

@article{cutting:1997,
  title={That’s the way the cookie bounces: {S}yntactic and semantic components of experimentally elicited idiom blends},
  author={Cutting, J. Cooper and Bock, Kathryn},
  journal={Memory \& Cognition},
  volume={25},
  number={1},
  pages={57--71},
  year={1997},
  publisher={Springer}
}

@article{winter:2013,
  title={Linear models and linear mixed effects models in {R} with linguistic applications: {T}utorial 11},
  author={Winter, Bodo},
  URL={http://arxiv.org/pdf/1308.5499.pdf},
  year={2013}
}

@article{titone:2014,
  title={Time-dependent effects of decomposability, familiarity and literal plausibility on idiom priming: {A} cross-modal priming investigation},
  author={Titone, Debra and Libben, Maya},
  journal={The Mental Lexicon},
  volume={9},
  number={3},
  pages={473--496},
  year={2014},
  publisher={John Benjamins Publishing Company}
}

@article{titone:1999,
  title={On the compositional and noncompositional nature of idiomatic expressions},
  author={Titone, Debra A and Connine, Cynthia M.},
  journal={Journal of Pragmatics},
  volume={31},
  number={12},
  pages={1655--1674},
  year={1999},
  publisher={Elsevier}
}

@article{thompson:1997,
  title={Agrammatic and non-brain-damaged subjects' verb and verb argument structure production},
  author={Thompson, Cynthia K. and Lange, K.L. and Schneider, Sandra L. and Shapiro, Lewis P},
  journal={Aphasiology},
  volume={11},
  number={4-5},
  pages={473--490},
  year={1997},
  publisher={Taylor \& Francis}
}

@article{swinney:1979,
  title={The access and processing of idiomatic expressions},
  author={Swinney, David A. and Cutler, Anne},
  journal={Journal of Verbal Learning and Verbal Behavior},
  volume={18},
  number={5},
  pages={523--534},
  year={1979},
  publisher={Elsevier}
}

@article{sprenger:2006,
  title={Lexical access during the production of idiomatic phrases},
  author={Sprenger, Simone A. and Levelt, Willem J.M. and Kempen, Gerard},
  journal={Journal of Memory and Language},
  volume={54},
  number={2},
  pages={161--184},
  year={2006},
  publisher={Elsevier}
}

@book{redewendungen:2002,
  title={W{\"o}rterbuch der deutschen {I}diomatik},
  author={Duden, Redewendungen},
  year={2002},
  publisher={Dudenverlag},
  address={Mannheim}
}

@article{smolka:2007,
  title={Processing verbs in {G}erman idioms: {E}vidence against the {C}onfiguration {H}ypothesis},
  author={Smolka, Eva and Rabanus, Stefan and R{\"o}sler, Frank},
  journal={Metaphor and Symbol},
  volume={22},
  number={3},
  pages={213--231},
  year={2007},
  publisher={Taylor \& Francis}
}

@article{smolka:2014,
  title={‘{V}erstehen’ (‘understand’) primes ‘stehen’ (‘stand’): {M}orphological structure overrides semantic compositionality in the lexical representation of {G}erman complex verbs},
  author={Smolka, Eva and Preller, Katrin H. and Eulitz, Carsten},
  journal={Journal of Memory and Language},
  volume={72},
  pages={16--36},
  year={2014},
  publisher={Elsevier}
}

@article{smolka:2018,
  title={When morphological structure overrides meaning: {E}vidence from {G}erman prefix and particle verbs},
  author={Smolka, Eva and Libben, Gary and Dressler, Wolfgang U.},
  journal={Language, Cognition and Neuroscience},
  volume={34},
  number={5},
  pages={599--614},
  year={2019},
  publisher={Taylor \& Francis}
}

@article{smolka:2017,
  title={‘{C}an you wash off the hogwash?’ -- {s}emantic transparency of first and second constituents in the processing of {G}erman compounds},
  author={Smolka, Eva and Libben, Gary},
  journal={Language, Cognition and Neuroscience},
  volume={32},
  number={4},
  pages={514--531},
  year={2017},
  publisher={Taylor \& Francis}
}

@article{smolka:2015,
  title={Take a stand on understanding: {E}lectrophysiological evidence for stem access in {G}erman complex verbs},
  author={Smolka, Eva and Gondan, Matthias and R{\"o}sler, Frank},
  journal={Frontiers in Human Neuroscience},
  volume={9},
  pages={62},
  year={2015},
  doi={10.3389/fnhum.2015.00062}
}

@incollection{grice:1975,
  title={Logic and conversation},
  author={Grice, H. Paul},
  editor={Cole, P. and Morgan, J.},
  booktitle={Syntax and Semantics: {S}peech acts},
  volume={3},
  pages={41--58},
  year={1975},
  publisher={Academic Press},
  address={New York}
}

@article{shapiro:1987,
  title={Sentence processing and the mental representation of verbs},
  author={Shapiro, Lewis P. and Zurif, Edgar and Grimshaw, Jane},
  journal={Cognition},
  volume={27},
  number={3},
  pages={219--246},
  year={1987},
  publisher={Elsevier}
}

@book{sakamoto:1986,
  title={Akaike {I}nformation {C}riterion {S}tatistics},
  author={Sakamoto, Yosiyuki and Ishiguro, Makio and Kitagawa, Genshiro},
  year={1986},
  publisher={D. Reidel},
  address={Dordrecht, The Netherlands}
}

@article {rabanus:2008,
  title = {Die mentale {V}erarbeitung von {V}erben in idiomatischen {K}onstruktionen},
  author = {Rabanus, Stefan and Smolka, Eva and Streb, Judith and R{\"o}sler, Frank},
  journal = {Zeitschrift für Germanistische Linguistik},
  volume = {36},
  number = {1},
  pages = {27--47},
  year = {2008},
  publisher = {Walter de Gruyter}
}

@report{keller:1998,
  title={WebExp: {A} Java Toolbox for Web-Based Psychological Experiments.},
  author={Keller, Frank and Corley, Martin and Corley, Steffan and Konieczny, Lars and Todirascu, Amalia},
  year={1998},
  type={{T}echnical {R}eport {HCRC/TR-99}},
  institution={{H}uman {C}ommunication {R}esearch {C}entre, {U}niversity of {E}dinburgh.},
  url={http://www.hcrc.ed.ac.uk/web_exp/},
  publisher={Citeseer}
}

@article{holsinger:2013,
  title={Processing (non)compositional expressions: {M}istakes and recovery.},
  author={Holsinger, Edward and Kaiser, Elsi},
  journal={Journal of Experimental Psychology: Learning, Memory, and Cognition},
  volume={39},
  number={3},
  pages={866--878},
  year={2013},
  publisher={American Psychological Association}
}

@article{hamblin:1999,
  title={Why you can't kick the bucket as you slowly die: {V}erbs in idiom comprehension},
  author={Hamblin, Jennifer L. and Gibbs Jr, Raymond W.},
  journal={Journal of Psycholinguistic Research},
  volume={28},
  number={1},
  pages={25--39},
  year={1999},
  publisher={Springer}
}

@article{gunther:2018,
  title={Understanding differs between {E}nglish and {G}erman: {C}apturing systematic language differences of complex words},
  author={G{\"u}nther, Fritz and Smolka, Eva and Marelli, Marco},
  journal={Cortex},
  volume={116},
  pages={158--175},
  year={2019},
  doi = {10.1016/j.cortex.2018.09.007},
  publisher={Elsevier}
}


@article{gibbs:1989,
  title={Psycholinguistic studies on the syntactic behavior of idioms},
  author={Gibbs Jr, Raymond W. and Nayak, Nandini P.},
  journal={Cognitive Psychology},
  volume={21},
  number={1},
  pages={100--138},
  year={1989},
  publisher={Elsevier}
}

@article{gibbs:2002,
  title={A new look at literal meaning in understanding what is said and implicated},
  author={Gibbs Jr, Raymond W.},
  journal={Journal of Pragmatics},
  volume={34},
  number={4},
  pages={457--486},
  year={2002},
  publisher={North-Holland}
}

@incollection{gibbs:1994,
  author={Gibbs Jr, Raymond W.},
  title={Figurative Thought and Figurative Language},
  editor={Gernsbacher, M.},
  booktitle={Handbook of {P}sycholinguistics},
  pages={411-446},
  year={1994},
  publisher={Academic Press},
  address={San Diego, CA}
}

@article{gibbs:1980,
  title={Spilling the beans on understanding and memory for idioms in conversation},
  author={Gibbs Jr, Raymond W.},
  journal={Memory \& Cognition},
  volume={8},
  number={2},
  pages={149--156},
  year={1980},
  publisher={Springer}
}

@article{geeraert:2017,
  title={Idiom variation: {E}xperimental data and a blueprint of a computational model},
  author={Geeraert, Kristina and Newman, John and Baayen, R. Harald},
  journal={Topics in Cognitive Science},
  volume={9},
  number={3},
  pages={1--17},
  year={2017},
  publisher={Wiley Online Library}
}

@book{gansel:1992,
  title={Semantik deutscher {V}erben in kognitionspsychologischer {S}icht},
  author={Gansel, Christina},
  year={1992},
  publisher={Peter Lang},
  address={Frankfurt am Main}
}

@unpublished{dorrestars,
  title={When the pig is bought in a poke -- {T}he effects of transitivity and constituent adjacency on the processing of passivized idiomatic sentences},
  author={D{\"o}rre, Laura and Smolka, Eva},
  year={2016},
  howpublished={Proceedings of the \emph{22nd Annual Conference on Architectures and Mechanisms for Language Processing (AMLaP)}, Bilbao, Spain.},
}

@book{tesniere:1959,
  title={Elements of structural syntax, translated by {T}imothy {O}sborne and {S}ylvain {K}ahane.},
  author={Tesni{\`e}re, Lucien},
  year={1959},
  publisher={John Benjamins},
  address={Amsterdam}
}

@article{kuznetsova:2015,
  title={lmerTest package: {T}ests in {L}inear {M}ixed {E}ffects {M}odels},
  author={Kuznetsova, Alexandra and Brockhoff, Per Bruun and Christensen, Rune Haubo Bojesen},
  journal={Journal of Statistical Software},
  volume={82},
  number={13},
  doi={10.18637/jss.v082.i13},
  year={2017}
}

@Manual{rCore:2012,
    title = {R: A Language and Environment for Statistical Computing},
    author = {{R Core Team}},
    organization = {R Foundation for Statistical Computing},
    address = {Vienna, Austria},
    year = {2013},
    url = {http://www.R-project.org/},
  }

@article{connine:1992,
  title={Idiomatic processing: {S}yntactic frozenness and {S}ubjective familiarity},
  author={Connine, Cynthia M. and Blasko, Dawn and Brandt, Russell and Kaplan, Jody},
  journal={Psychological Research},
  volume={54},
  number={3},
  pages={225--232},
  year={1992},
  publisher={Springer}
}

@incollection{cacciari:1994,
  title={Understanding figurative language}, 
  author={Cacciari, Cristina and Glucksberg, Sam},
  editor={Gernsbacher, M.},
  year={1994},
  pages = {447--477},
  booktitle = {Handbook of {P}sycholinguistics},
  publisher={Academic Press},
  address={US}
}

@unpublished{lynott2001,
  Title={Can we model conceptual combination using distributional information?},
  Author= {Lynott, Dermot and Ramscar, Michael},
  howpublished = {Proceedings of the \emph{12th {I}rish Conference on Artificial Intelligence and Cognitive Science}},
  Year= {2001},
  Pages= {1--10}
}

@book {burger:2003,
  title = {Phraseologie. {E}ine {E}inführung am {B}eispiel des {D}eutschen},
  author = {Burger, Harald},
  year = {2003},
  publisher = {Erich Schmidt},
  address = {Berlin}
}

@incollection{grice:1978,
  title={Further notes on logic and conversation},
  author={Grice, H. Paul},
  editor={Cole, P.},
  booktitle={Syntax and Semantics: Pragmatics},
  volume={9},
  pages={113--128},
  year={1978},
  publisher = {New York: Academic}
}

@incollection {burger:2004,
  title = {Phraseologie - {K}r{\"a}uter und {R}{\"u}ben? {T}radition und {P}erspektiven der {F}orschung.},
  author = {Burger, Harald},
  booktitle = {Wortverbindungen - mehr oder weniger fest.},
  editor={Steyer, K.},
  pages = {19--40},
  year = {2004},
  publisher = {Walter de Gruyter},
  address = {Berlin/New York}
}

@article{bates:2012,
    title = {Fitting Linear Mixed-Effects Models Using {lme4}},
    author = {Douglas Bates and Martin M{\"a}chler and Ben Bolker and Steve Walker},
    journal = {Journal of Statistical Software},
    year = {2015},
    volume = {67},
    number = {1},
    pages = {1--48},
    doi = {10.18637/jss.v067.i01}
}